%YAML 1.1
%TAG !u! tag:unity3d.com,2011:
--- !u!1 &100718
GameObject:
  m_ObjectHideFlags: 1
  m_PrefabParentObject: {fileID: 0}
  m_PrefabInternal: {fileID: 100100000}
  serializedVersion: 4
  m_Component:
  - 4: {fileID: 498938}
  m_Layer: 0
  m_Name: head
  m_TagString: Untagged
  m_Icon: {fileID: 0}
  m_NavMeshLayer: 0
  m_StaticEditorFlags: 0
  m_IsActive: 1
--- !u!1 &101962
GameObject:
  m_ObjectHideFlags: 1
  m_PrefabParentObject: {fileID: 0}
  m_PrefabInternal: {fileID: 100100000}
  serializedVersion: 4
  m_Component:
  - 4: {fileID: 416156}
  m_Layer: 0
  m_Name: eyelidU_L
  m_TagString: Untagged
  m_Icon: {fileID: 0}
  m_NavMeshLayer: 0
  m_StaticEditorFlags: 0
  m_IsActive: 1
--- !u!1 &103482
GameObject:
  m_ObjectHideFlags: 1
  m_PrefabParentObject: {fileID: 0}
  m_PrefabInternal: {fileID: 100100000}
  serializedVersion: 4
  m_Component:
  - 4: {fileID: 454800}
  m_Layer: 0
  m_Name: fsm2_L_end
  m_TagString: Untagged
  m_Icon: {fileID: 0}
  m_NavMeshLayer: 0
  m_StaticEditorFlags: 0
  m_IsActive: 1
--- !u!1 &104124
GameObject:
  m_ObjectHideFlags: 1
  m_PrefabParentObject: {fileID: 0}
  m_PrefabInternal: {fileID: 100100000}
  serializedVersion: 4
  m_Component:
  - 4: {fileID: 499296}
  m_Layer: 0
  m_Name: fin2_L_end
  m_TagString: Untagged
  m_Icon: {fileID: 0}
  m_NavMeshLayer: 0
  m_StaticEditorFlags: 0
  m_IsActive: 1
--- !u!1 &104736
GameObject:
  m_ObjectHideFlags: 1
  m_PrefabParentObject: {fileID: 0}
  m_PrefabInternal: {fileID: 100100000}
  serializedVersion: 4
  m_Component:
  - 4: {fileID: 463642}
  m_Layer: 0
  m_Name: eyelidD_L_end
  m_TagString: Untagged
  m_Icon: {fileID: 0}
  m_NavMeshLayer: 0
  m_StaticEditorFlags: 0
  m_IsActive: 1
--- !u!1 &106004
GameObject:
  m_ObjectHideFlags: 1
  m_PrefabParentObject: {fileID: 0}
  m_PrefabInternal: {fileID: 100100000}
  serializedVersion: 4
  m_Component:
  - 4: {fileID: 431212}
  m_Layer: 0
  m_Name: uarm_L
  m_TagString: Untagged
  m_Icon: {fileID: 0}
  m_NavMeshLayer: 0
  m_StaticEditorFlags: 0
  m_IsActive: 1
--- !u!1 &108438
GameObject:
  m_ObjectHideFlags: 1
  m_PrefabParentObject: {fileID: 0}
  m_PrefabInternal: {fileID: 100100000}
  serializedVersion: 4
  m_Component:
  - 4: {fileID: 479480}
  m_Layer: 0
  m_Name: toes_L
  m_TagString: Untagged
  m_Icon: {fileID: 0}
  m_NavMeshLayer: 0
  m_StaticEditorFlags: 0
  m_IsActive: 1
--- !u!1 &108444
GameObject:
  m_ObjectHideFlags: 1
  m_PrefabParentObject: {fileID: 0}
  m_PrefabInternal: {fileID: 100100000}
  serializedVersion: 4
  m_Component:
  - 4: {fileID: 408894}
  m_Layer: 0
  m_Name: foot_R
  m_TagString: Untagged
  m_Icon: {fileID: 0}
  m_NavMeshLayer: 0
  m_StaticEditorFlags: 0
  m_IsActive: 1
--- !u!1 &108742
GameObject:
  m_ObjectHideFlags: 1
  m_PrefabParentObject: {fileID: 0}
  m_PrefabInternal: {fileID: 100100000}
  serializedVersion: 4
  m_Component:
  - 4: {fileID: 464806}
  m_Layer: 0
  m_Name: thumb2_R
  m_TagString: Untagged
  m_Icon: {fileID: 0}
  m_NavMeshLayer: 0
  m_StaticEditorFlags: 0
  m_IsActive: 1
--- !u!1 &110180
GameObject:
  m_ObjectHideFlags: 1
  m_PrefabParentObject: {fileID: 0}
  m_PrefabInternal: {fileID: 100100000}
  serializedVersion: 4
  m_Component:
  - 4: {fileID: 426168}
  m_Layer: 0
  m_Name: knee_R_end
  m_TagString: Untagged
  m_Icon: {fileID: 0}
  m_NavMeshLayer: 0
  m_StaticEditorFlags: 0
  m_IsActive: 1
--- !u!1 &111626
GameObject:
  m_ObjectHideFlags: 1
  m_PrefabParentObject: {fileID: 0}
  m_PrefabInternal: {fileID: 100100000}
  serializedVersion: 4
  m_Component:
  - 4: {fileID: 485042}
  m_Layer: 0
  m_Name: thubmb2_L
  m_TagString: Untagged
  m_Icon: {fileID: 0}
  m_NavMeshLayer: 0
  m_StaticEditorFlags: 0
  m_IsActive: 1
--- !u!1 &112694
GameObject:
  m_ObjectHideFlags: 1
  m_PrefabParentObject: {fileID: 0}
  m_PrefabInternal: {fileID: 100100000}
  serializedVersion: 4
  m_Component:
  - 4: {fileID: 485926}
  m_Layer: 0
  m_Name: footTarget_R
  m_TagString: Untagged
  m_Icon: {fileID: 0}
  m_NavMeshLayer: 0
  m_StaticEditorFlags: 0
  m_IsActive: 1
--- !u!1 &113164
GameObject:
  m_ObjectHideFlags: 1
  m_PrefabParentObject: {fileID: 0}
  m_PrefabInternal: {fileID: 100100000}
  serializedVersion: 4
  m_Component:
  - 4: {fileID: 451708}
  m_Layer: 0
  m_Name: thumb1_L
  m_TagString: Untagged
  m_Icon: {fileID: 0}
  m_NavMeshLayer: 0
  m_StaticEditorFlags: 0
  m_IsActive: 1
--- !u!1 &114464
GameObject:
  m_ObjectHideFlags: 1
  m_PrefabParentObject: {fileID: 0}
  m_PrefabInternal: {fileID: 100100000}
  serializedVersion: 4
  m_Component:
  - 4: {fileID: 411928}
  m_Layer: 0
  m_Name: eyepointer_R_end
  m_TagString: Untagged
  m_Icon: {fileID: 0}
  m_NavMeshLayer: 0
  m_StaticEditorFlags: 0
  m_IsActive: 1
--- !u!1 &114844
GameObject:
  m_ObjectHideFlags: 0
  m_PrefabParentObject: {fileID: 0}
  m_PrefabInternal: {fileID: 100100000}
  serializedVersion: 4
  m_Component:
  - 4: {fileID: 480772}
  - 82: {fileID: 8215170}
  m_Layer: 0
  m_Name: cutsceneCoolpecker
  m_TagString: Untagged
  m_Icon: {fileID: 0}
  m_NavMeshLayer: 0
  m_StaticEditorFlags: 0
  m_IsActive: 1
--- !u!1 &116024
GameObject:
  m_ObjectHideFlags: 0
  m_PrefabParentObject: {fileID: 0}
  m_PrefabInternal: {fileID: 100100000}
  serializedVersion: 4
  m_Component:
  - 4: {fileID: 452050}
  - 95: {fileID: 9586694}
  m_Layer: 0
  m_Name: Coolpecker
  m_TagString: Untagged
  m_Icon: {fileID: 0}
  m_NavMeshLayer: 0
  m_StaticEditorFlags: 0
  m_IsActive: 1
--- !u!1 &117542
GameObject:
  m_ObjectHideFlags: 1
  m_PrefabParentObject: {fileID: 0}
  m_PrefabInternal: {fileID: 100100000}
  serializedVersion: 4
  m_Component:
  - 4: {fileID: 449408}
  m_Layer: 0
  m_Name: toes_R
  m_TagString: Untagged
  m_Icon: {fileID: 0}
  m_NavMeshLayer: 0
  m_StaticEditorFlags: 0
  m_IsActive: 1
--- !u!1 &117592
GameObject:
  m_ObjectHideFlags: 1
  m_PrefabParentObject: {fileID: 0}
  m_PrefabInternal: {fileID: 100100000}
  serializedVersion: 4
  m_Component:
  - 4: {fileID: 415626}
  m_Layer: 0
  m_Name: eyebrow_R
  m_TagString: Untagged
  m_Icon: {fileID: 0}
  m_NavMeshLayer: 0
  m_StaticEditorFlags: 0
  m_IsActive: 1
--- !u!1 &117934
GameObject:
  m_ObjectHideFlags: 1
  m_PrefabParentObject: {fileID: 0}
  m_PrefabInternal: {fileID: 100100000}
  serializedVersion: 4
  m_Component:
  - 4: {fileID: 481678}
  m_Layer: 0
  m_Name: fri1_L
  m_TagString: Untagged
  m_Icon: {fileID: 0}
  m_NavMeshLayer: 0
  m_StaticEditorFlags: 0
  m_IsActive: 1
--- !u!1 &119100
GameObject:
  m_ObjectHideFlags: 1
  m_PrefabParentObject: {fileID: 0}
  m_PrefabInternal: {fileID: 100100000}
  serializedVersion: 4
  m_Component:
  - 4: {fileID: 497156}
  m_Layer: 0
  m_Name: darm_R
  m_TagString: Untagged
  m_Icon: {fileID: 0}
  m_NavMeshLayer: 0
  m_StaticEditorFlags: 0
  m_IsActive: 1
--- !u!1 &119598
GameObject:
  m_ObjectHideFlags: 1
  m_PrefabParentObject: {fileID: 0}
  m_PrefabInternal: {fileID: 100100000}
  serializedVersion: 4
  m_Component:
  - 4: {fileID: 485532}
  m_Layer: 0
  m_Name: darm_L
  m_TagString: Untagged
  m_Icon: {fileID: 0}
  m_NavMeshLayer: 0
  m_StaticEditorFlags: 0
  m_IsActive: 1
--- !u!1 &119664
GameObject:
  m_ObjectHideFlags: 1
  m_PrefabParentObject: {fileID: 0}
  m_PrefabInternal: {fileID: 100100000}
  serializedVersion: 4
  m_Component:
  - 4: {fileID: 480388}
  m_Layer: 0
  m_Name: knee_L
  m_TagString: Untagged
  m_Icon: {fileID: 0}
  m_NavMeshLayer: 0
  m_StaticEditorFlags: 0
  m_IsActive: 1
--- !u!1 &121172
GameObject:
  m_ObjectHideFlags: 1
  m_PrefabParentObject: {fileID: 0}
  m_PrefabInternal: {fileID: 100100000}
  serializedVersion: 4
  m_Component:
  - 4: {fileID: 438472}
  m_Layer: 0
  m_Name: eyepointer_R
  m_TagString: Untagged
  m_Icon: {fileID: 0}
  m_NavMeshLayer: 0
  m_StaticEditorFlags: 0
  m_IsActive: 1
--- !u!1 &122012
GameObject:
  m_ObjectHideFlags: 1
  m_PrefabParentObject: {fileID: 0}
  m_PrefabInternal: {fileID: 100100000}
  serializedVersion: 4
  m_Component:
  - 4: {fileID: 482480}
  m_Layer: 0
  m_Name: hand_L
  m_TagString: Untagged
  m_Icon: {fileID: 0}
  m_NavMeshLayer: 0
  m_StaticEditorFlags: 0
  m_IsActive: 1
--- !u!1 &123728
GameObject:
  m_ObjectHideFlags: 1
  m_PrefabParentObject: {fileID: 0}
  m_PrefabInternal: {fileID: 100100000}
  serializedVersion: 4
  m_Component:
  - 4: {fileID: 403944}
  m_Layer: 0
  m_Name: torso
  m_TagString: Untagged
  m_Icon: {fileID: 0}
  m_NavMeshLayer: 0
  m_StaticEditorFlags: 0
  m_IsActive: 1
--- !u!1 &124290
GameObject:
  m_ObjectHideFlags: 1
  m_PrefabParentObject: {fileID: 0}
  m_PrefabInternal: {fileID: 100100000}
  serializedVersion: 4
  m_Component:
  - 4: {fileID: 453366}
  m_Layer: 0
  m_Name: eyelidU_R
  m_TagString: Untagged
  m_Icon: {fileID: 0}
  m_NavMeshLayer: 0
  m_StaticEditorFlags: 0
  m_IsActive: 1
--- !u!1 &124984
GameObject:
  m_ObjectHideFlags: 1
  m_PrefabParentObject: {fileID: 0}
  m_PrefabInternal: {fileID: 100100000}
  serializedVersion: 4
  m_Component:
  - 4: {fileID: 433986}
  m_Layer: 0
  m_Name: hand_R
  m_TagString: Untagged
  m_Icon: {fileID: 0}
  m_NavMeshLayer: 0
  m_StaticEditorFlags: 0
  m_IsActive: 1
--- !u!1 &125636
GameObject:
  m_ObjectHideFlags: 1
  m_PrefabParentObject: {fileID: 0}
  m_PrefabInternal: {fileID: 100100000}
  serializedVersion: 4
  m_Component:
  - 4: {fileID: 461614}
  m_Layer: 0
  m_Name: fmi1_L
  m_TagString: Untagged
  m_Icon: {fileID: 0}
  m_NavMeshLayer: 0
  m_StaticEditorFlags: 0
  m_IsActive: 1
--- !u!1 &126468
GameObject:
  m_ObjectHideFlags: 1
  m_PrefabParentObject: {fileID: 0}
  m_PrefabInternal: {fileID: 100100000}
  serializedVersion: 4
  m_Component:
  - 4: {fileID: 438932}
  m_Layer: 0
  m_Name: fmi2_L_end
  m_TagString: Untagged
  m_Icon: {fileID: 0}
  m_NavMeshLayer: 0
  m_StaticEditorFlags: 0
  m_IsActive: 1
--- !u!1 &128862
GameObject:
  m_ObjectHideFlags: 1
  m_PrefabParentObject: {fileID: 0}
  m_PrefabInternal: {fileID: 100100000}
  serializedVersion: 4
  m_Component:
  - 4: {fileID: 452266}
  m_Layer: 0
  m_Name: thumb2_R_end
  m_TagString: Untagged
  m_Icon: {fileID: 0}
  m_NavMeshLayer: 0
  m_StaticEditorFlags: 0
  m_IsActive: 1
--- !u!1 &131070
GameObject:
  m_ObjectHideFlags: 1
  m_PrefabParentObject: {fileID: 0}
  m_PrefabInternal: {fileID: 100100000}
  serializedVersion: 4
  m_Component:
  - 4: {fileID: 487026}
  m_Layer: 0
  m_Name: eyebrow2_R_end
  m_TagString: Untagged
  m_Icon: {fileID: 0}
  m_NavMeshLayer: 0
  m_StaticEditorFlags: 0
  m_IsActive: 1
--- !u!1 &131240
GameObject:
  m_ObjectHideFlags: 1
  m_PrefabParentObject: {fileID: 0}
  m_PrefabInternal: {fileID: 100100000}
  serializedVersion: 4
  m_Component:
  - 4: {fileID: 420696}
  m_Layer: 0
  m_Name: fsm2_R
  m_TagString: Untagged
  m_Icon: {fileID: 0}
  m_NavMeshLayer: 0
  m_StaticEditorFlags: 0
  m_IsActive: 1
--- !u!1 &131952
GameObject:
  m_ObjectHideFlags: 1
  m_PrefabParentObject: {fileID: 0}
  m_PrefabInternal: {fileID: 100100000}
  serializedVersion: 4
  m_Component:
  - 4: {fileID: 440368}
  m_Layer: 0
  m_Name: eyepointer_L
  m_TagString: Untagged
  m_Icon: {fileID: 0}
  m_NavMeshLayer: 0
  m_StaticEditorFlags: 0
  m_IsActive: 1
--- !u!1 &132022
GameObject:
  m_ObjectHideFlags: 1
  m_PrefabParentObject: {fileID: 0}
  m_PrefabInternal: {fileID: 100100000}
  serializedVersion: 4
  m_Component:
  - 4: {fileID: 423420}
  m_Layer: 0
  m_Name: eyelidD_L
  m_TagString: Untagged
  m_Icon: {fileID: 0}
  m_NavMeshLayer: 0
  m_StaticEditorFlags: 0
  m_IsActive: 1
--- !u!1 &132422
GameObject:
  m_ObjectHideFlags: 1
  m_PrefabParentObject: {fileID: 0}
  m_PrefabInternal: {fileID: 100100000}
  serializedVersion: 4
  m_Component:
  - 4: {fileID: 471698}
  m_Layer: 0
  m_Name: waist
  m_TagString: Untagged
  m_Icon: {fileID: 0}
  m_NavMeshLayer: 0
  m_StaticEditorFlags: 0
  m_IsActive: 1
--- !u!1 &133640
GameObject:
  m_ObjectHideFlags: 1
  m_PrefabParentObject: {fileID: 0}
  m_PrefabInternal: {fileID: 100100000}
  serializedVersion: 4
  m_Component:
  - 4: {fileID: 473458}
  m_Layer: 0
  m_Name: footTarget_R_end
  m_TagString: Untagged
  m_Icon: {fileID: 0}
  m_NavMeshLayer: 0
  m_StaticEditorFlags: 0
  m_IsActive: 1
--- !u!1 &143156
GameObject:
  m_ObjectHideFlags: 1
  m_PrefabParentObject: {fileID: 0}
  m_PrefabInternal: {fileID: 100100000}
  serializedVersion: 4
  m_Component:
  - 4: {fileID: 412332}
  m_Layer: 0
  m_Name: hair_end
  m_TagString: Untagged
  m_Icon: {fileID: 0}
  m_NavMeshLayer: 0
  m_StaticEditorFlags: 0
  m_IsActive: 1
--- !u!1 &144040
GameObject:
  m_ObjectHideFlags: 1
  m_PrefabParentObject: {fileID: 0}
  m_PrefabInternal: {fileID: 100100000}
  serializedVersion: 4
  m_Component:
  - 4: {fileID: 449714}
  m_Layer: 0
  m_Name: fmi2_L
  m_TagString: Untagged
  m_Icon: {fileID: 0}
  m_NavMeshLayer: 0
  m_StaticEditorFlags: 0
  m_IsActive: 1
--- !u!1 &144144
GameObject:
  m_ObjectHideFlags: 1
  m_PrefabParentObject: {fileID: 0}
  m_PrefabInternal: {fileID: 100100000}
  serializedVersion: 4
  m_Component:
  - 4: {fileID: 410264}
  m_Layer: 0
  m_Name: uarm_R
  m_TagString: Untagged
  m_Icon: {fileID: 0}
  m_NavMeshLayer: 0
  m_StaticEditorFlags: 0
  m_IsActive: 1
--- !u!1 &145786
GameObject:
  m_ObjectHideFlags: 1
  m_PrefabParentObject: {fileID: 0}
  m_PrefabInternal: {fileID: 100100000}
  serializedVersion: 4
  m_Component:
  - 4: {fileID: 429102}
  m_Layer: 0
  m_Name: fin1_R
  m_TagString: Untagged
  m_Icon: {fileID: 0}
  m_NavMeshLayer: 0
  m_StaticEditorFlags: 0
  m_IsActive: 1
--- !u!1 &147696
GameObject:
  m_ObjectHideFlags: 1
  m_PrefabParentObject: {fileID: 0}
  m_PrefabInternal: {fileID: 100100000}
  serializedVersion: 4
  m_Component:
  - 4: {fileID: 426232}
  m_Layer: 0
  m_Name: scapula_R
  m_TagString: Untagged
  m_Icon: {fileID: 0}
  m_NavMeshLayer: 0
  m_StaticEditorFlags: 0
  m_IsActive: 1
--- !u!1 &149990
GameObject:
  m_ObjectHideFlags: 1
  m_PrefabParentObject: {fileID: 0}
  m_PrefabInternal: {fileID: 100100000}
  serializedVersion: 4
  m_Component:
  - 4: {fileID: 484684}
  m_Layer: 0
  m_Name: tail_end
  m_TagString: Untagged
  m_Icon: {fileID: 0}
  m_NavMeshLayer: 0
  m_StaticEditorFlags: 0
  m_IsActive: 1
--- !u!1 &150664
GameObject:
  m_ObjectHideFlags: 1
  m_PrefabParentObject: {fileID: 0}
  m_PrefabInternal: {fileID: 100100000}
  serializedVersion: 4
  m_Component:
  - 4: {fileID: 405844}
  m_Layer: 0
  m_Name: foot_L
  m_TagString: Untagged
  m_Icon: {fileID: 0}
  m_NavMeshLayer: 0
  m_StaticEditorFlags: 0
  m_IsActive: 1
--- !u!1 &150922
GameObject:
  m_ObjectHideFlags: 1
  m_PrefabParentObject: {fileID: 0}
  m_PrefabInternal: {fileID: 100100000}
  serializedVersion: 4
  m_Component:
  - 4: {fileID: 456602}
  m_Layer: 0
  m_Name: fri2_R
  m_TagString: Untagged
  m_Icon: {fileID: 0}
  m_NavMeshLayer: 0
  m_StaticEditorFlags: 0
  m_IsActive: 1
--- !u!1 &151196
GameObject:
  m_ObjectHideFlags: 1
  m_PrefabParentObject: {fileID: 0}
  m_PrefabInternal: {fileID: 100100000}
  serializedVersion: 4
  m_Component:
  - 4: {fileID: 432574}
  m_Layer: 0
  m_Name: eyebrow_L
  m_TagString: Untagged
  m_Icon: {fileID: 0}
  m_NavMeshLayer: 0
  m_StaticEditorFlags: 0
  m_IsActive: 1
--- !u!1 &151398
GameObject:
  m_ObjectHideFlags: 1
  m_PrefabParentObject: {fileID: 0}
  m_PrefabInternal: {fileID: 100100000}
  serializedVersion: 4
  m_Component:
  - 4: {fileID: 410068}
  m_Layer: 0
  m_Name: mouth_R_end
  m_TagString: Untagged
  m_Icon: {fileID: 0}
  m_NavMeshLayer: 0
  m_StaticEditorFlags: 0
  m_IsActive: 1
--- !u!1 &151776
GameObject:
  m_ObjectHideFlags: 1
  m_PrefabParentObject: {fileID: 0}
  m_PrefabInternal: {fileID: 100100000}
  serializedVersion: 4
  m_Component:
  - 4: {fileID: 405154}
  m_Layer: 0
  m_Name: eye_target_end
  m_TagString: Untagged
  m_Icon: {fileID: 0}
  m_NavMeshLayer: 0
  m_StaticEditorFlags: 0
  m_IsActive: 1
--- !u!1 &152334
GameObject:
  m_ObjectHideFlags: 1
  m_PrefabParentObject: {fileID: 0}
  m_PrefabInternal: {fileID: 100100000}
  serializedVersion: 4
  m_Component:
  - 4: {fileID: 434280}
  m_Layer: 0
  m_Name: eyelidD_R
  m_TagString: Untagged
  m_Icon: {fileID: 0}
  m_NavMeshLayer: 0
  m_StaticEditorFlags: 0
  m_IsActive: 1
--- !u!1 &154590
GameObject:
  m_ObjectHideFlags: 1
  m_PrefabParentObject: {fileID: 0}
  m_PrefabInternal: {fileID: 100100000}
  serializedVersion: 4
  m_Component:
  - 4: {fileID: 431324}
  m_Layer: 0
  m_Name: dleg_R
  m_TagString: Untagged
  m_Icon: {fileID: 0}
  m_NavMeshLayer: 0
  m_StaticEditorFlags: 0
  m_IsActive: 1
--- !u!1 &154870
GameObject:
  m_ObjectHideFlags: 1
  m_PrefabParentObject: {fileID: 0}
  m_PrefabInternal: {fileID: 100100000}
  serializedVersion: 4
  m_Component:
  - 4: {fileID: 470992}
  m_Layer: 0
  m_Name: eye_R
  m_TagString: Untagged
  m_Icon: {fileID: 0}
  m_NavMeshLayer: 0
  m_StaticEditorFlags: 0
  m_IsActive: 1
--- !u!1 &155028
GameObject:
  m_ObjectHideFlags: 1
  m_PrefabParentObject: {fileID: 0}
  m_PrefabInternal: {fileID: 100100000}
  serializedVersion: 4
  m_Component:
  - 4: {fileID: 461784}
  m_Layer: 0
  m_Name: fri2_L_end
  m_TagString: Untagged
  m_Icon: {fileID: 0}
  m_NavMeshLayer: 0
  m_StaticEditorFlags: 0
  m_IsActive: 1
--- !u!1 &157566
GameObject:
  m_ObjectHideFlags: 1
  m_PrefabParentObject: {fileID: 0}
  m_PrefabInternal: {fileID: 100100000}
  serializedVersion: 4
  m_Component:
  - 4: {fileID: 468086}
  m_Layer: 0
  m_Name: fmi1_R
  m_TagString: Untagged
  m_Icon: {fileID: 0}
  m_NavMeshLayer: 0
  m_StaticEditorFlags: 0
  m_IsActive: 1
--- !u!1 &158338
GameObject:
  m_ObjectHideFlags: 1
  m_PrefabParentObject: {fileID: 0}
  m_PrefabInternal: {fileID: 100100000}
  serializedVersion: 4
  m_Component:
  - 4: {fileID: 480610}
  m_Layer: 0
  m_Name: fri2_R_end
  m_TagString: Untagged
  m_Icon: {fileID: 0}
  m_NavMeshLayer: 0
  m_StaticEditorFlags: 0
  m_IsActive: 1
--- !u!1 &158368
GameObject:
  m_ObjectHideFlags: 1
  m_PrefabParentObject: {fileID: 0}
  m_PrefabInternal: {fileID: 100100000}
  serializedVersion: 4
  m_Component:
  - 4: {fileID: 483432}
  m_Layer: 0
  m_Name: uleg_L
  m_TagString: Untagged
  m_Icon: {fileID: 0}
  m_NavMeshLayer: 0
  m_StaticEditorFlags: 0
  m_IsActive: 1
--- !u!1 &159854
GameObject:
  m_ObjectHideFlags: 1
  m_PrefabParentObject: {fileID: 0}
  m_PrefabInternal: {fileID: 100100000}
  serializedVersion: 4
  m_Component:
  - 4: {fileID: 460074}
  m_Layer: 0
  m_Name: fin1_L
  m_TagString: Untagged
  m_Icon: {fileID: 0}
  m_NavMeshLayer: 0
  m_StaticEditorFlags: 0
  m_IsActive: 1
--- !u!1 &162038
GameObject:
  m_ObjectHideFlags: 1
  m_PrefabParentObject: {fileID: 0}
  m_PrefabInternal: {fileID: 100100000}
  serializedVersion: 4
  m_Component:
  - 4: {fileID: 444592}
  m_Layer: 0
  m_Name: mouth_L_end
  m_TagString: Untagged
  m_Icon: {fileID: 0}
  m_NavMeshLayer: 0
  m_StaticEditorFlags: 0
  m_IsActive: 1
--- !u!1 &162126
GameObject:
  m_ObjectHideFlags: 1
  m_PrefabParentObject: {fileID: 0}
  m_PrefabInternal: {fileID: 100100000}
  serializedVersion: 4
  m_Component:
  - 4: {fileID: 465270}
  m_Layer: 0
  m_Name: root2
  m_TagString: Untagged
  m_Icon: {fileID: 0}
  m_NavMeshLayer: 0
  m_StaticEditorFlags: 0
  m_IsActive: 1
--- !u!1 &162666
GameObject:
  m_ObjectHideFlags: 1
  m_PrefabParentObject: {fileID: 0}
  m_PrefabInternal: {fileID: 100100000}
  serializedVersion: 4
  m_Component:
  - 4: {fileID: 487194}
  m_Layer: 0
  m_Name: CoolpeckerArma
  m_TagString: Untagged
  m_Icon: {fileID: 0}
  m_NavMeshLayer: 0
  m_StaticEditorFlags: 0
  m_IsActive: 1
--- !u!1 &163276
GameObject:
  m_ObjectHideFlags: 1
  m_PrefabParentObject: {fileID: 0}
  m_PrefabInternal: {fileID: 100100000}
  serializedVersion: 4
  m_Component:
  - 4: {fileID: 470032}
  m_Layer: 0
  m_Name: eyepointer_L_end
  m_TagString: Untagged
  m_Icon: {fileID: 0}
  m_NavMeshLayer: 0
  m_StaticEditorFlags: 0
  m_IsActive: 1
--- !u!1 &165028
GameObject:
  m_ObjectHideFlags: 1
  m_PrefabParentObject: {fileID: 0}
  m_PrefabInternal: {fileID: 100100000}
  serializedVersion: 4
  m_Component:
  - 4: {fileID: 499936}
  m_Layer: 0
  m_Name: fsm1_R
  m_TagString: Untagged
  m_Icon: {fileID: 0}
  m_NavMeshLayer: 0
  m_StaticEditorFlags: 0
  m_IsActive: 1
--- !u!1 &165528
GameObject:
  m_ObjectHideFlags: 1
  m_PrefabParentObject: {fileID: 0}
  m_PrefabInternal: {fileID: 100100000}
  serializedVersion: 4
  m_Component:
  - 4: {fileID: 438908}
  m_Layer: 0
  m_Name: root
  m_TagString: Untagged
  m_Icon: {fileID: 0}
  m_NavMeshLayer: 0
  m_StaticEditorFlags: 0
  m_IsActive: 1
--- !u!1 &165954
GameObject:
  m_ObjectHideFlags: 1
  m_PrefabParentObject: {fileID: 0}
  m_PrefabInternal: {fileID: 100100000}
  serializedVersion: 4
  m_Component:
  - 4: {fileID: 427738}
  m_Layer: 0
  m_Name: toes_R_end
  m_TagString: Untagged
  m_Icon: {fileID: 0}
  m_NavMeshLayer: 0
  m_StaticEditorFlags: 0
  m_IsActive: 1
--- !u!1 &167524
GameObject:
  m_ObjectHideFlags: 1
  m_PrefabParentObject: {fileID: 0}
  m_PrefabInternal: {fileID: 100100000}
  serializedVersion: 4
  m_Component:
  - 4: {fileID: 458068}
  m_Layer: 0
  m_Name: eye_R_end
  m_TagString: Untagged
  m_Icon: {fileID: 0}
  m_NavMeshLayer: 0
  m_StaticEditorFlags: 0
  m_IsActive: 1
--- !u!1 &168372
GameObject:
  m_ObjectHideFlags: 1
  m_PrefabParentObject: {fileID: 0}
  m_PrefabInternal: {fileID: 100100000}
  serializedVersion: 4
  m_Component:
  - 4: {fileID: 400730}
  m_Layer: 0
  m_Name: fsm2_L
  m_TagString: Untagged
  m_Icon: {fileID: 0}
  m_NavMeshLayer: 0
  m_StaticEditorFlags: 0
  m_IsActive: 1
--- !u!1 &168516
GameObject:
  m_ObjectHideFlags: 1
  m_PrefabParentObject: {fileID: 0}
  m_PrefabInternal: {fileID: 100100000}
  serializedVersion: 4
  m_Component:
  - 4: {fileID: 415726}
  m_Layer: 0
  m_Name: fin2_L
  m_TagString: Untagged
  m_Icon: {fileID: 0}
  m_NavMeshLayer: 0
  m_StaticEditorFlags: 0
  m_IsActive: 1
--- !u!1 &170604
GameObject:
  m_ObjectHideFlags: 1
  m_PrefabParentObject: {fileID: 0}
  m_PrefabInternal: {fileID: 100100000}
  serializedVersion: 4
  m_Component:
  - 4: {fileID: 449750}
  m_Layer: 0
  m_Name: eyebrow2_R
  m_TagString: Untagged
  m_Icon: {fileID: 0}
  m_NavMeshLayer: 0
  m_StaticEditorFlags: 0
  m_IsActive: 1
--- !u!1 &171090
GameObject:
  m_ObjectHideFlags: 1
  m_PrefabParentObject: {fileID: 0}
  m_PrefabInternal: {fileID: 100100000}
  serializedVersion: 4
  m_Component:
  - 4: {fileID: 441980}
  m_Layer: 0
  m_Name: footTarget_L
  m_TagString: Untagged
  m_Icon: {fileID: 0}
  m_NavMeshLayer: 0
  m_StaticEditorFlags: 0
  m_IsActive: 1
--- !u!1 &173086
GameObject:
  m_ObjectHideFlags: 1
  m_PrefabParentObject: {fileID: 0}
  m_PrefabInternal: {fileID: 100100000}
  serializedVersion: 4
  m_Component:
  - 4: {fileID: 463146}
  m_Layer: 0
  m_Name: fin2_R_end
  m_TagString: Untagged
  m_Icon: {fileID: 0}
  m_NavMeshLayer: 0
  m_StaticEditorFlags: 0
  m_IsActive: 1
--- !u!1 &173904
GameObject:
  m_ObjectHideFlags: 1
  m_PrefabParentObject: {fileID: 0}
  m_PrefabInternal: {fileID: 100100000}
  serializedVersion: 4
  m_Component:
  - 4: {fileID: 420314}
  m_Layer: 0
  m_Name: hair
  m_TagString: Untagged
  m_Icon: {fileID: 0}
  m_NavMeshLayer: 0
  m_StaticEditorFlags: 0
  m_IsActive: 1
--- !u!1 &174184
GameObject:
  m_ObjectHideFlags: 1
  m_PrefabParentObject: {fileID: 0}
  m_PrefabInternal: {fileID: 100100000}
  serializedVersion: 4
  m_Component:
  - 4: {fileID: 408706}
  m_Layer: 0
  m_Name: fin2_R
  m_TagString: Untagged
  m_Icon: {fileID: 0}
  m_NavMeshLayer: 0
  m_StaticEditorFlags: 0
  m_IsActive: 1
--- !u!1 &174724
GameObject:
  m_ObjectHideFlags: 1
  m_PrefabParentObject: {fileID: 0}
  m_PrefabInternal: {fileID: 100100000}
  serializedVersion: 4
  m_Component:
  - 4: {fileID: 437716}
  m_Layer: 0
  m_Name: jaw
  m_TagString: Untagged
  m_Icon: {fileID: 0}
  m_NavMeshLayer: 0
  m_StaticEditorFlags: 0
  m_IsActive: 1
--- !u!1 &175520
GameObject:
  m_ObjectHideFlags: 1
  m_PrefabParentObject: {fileID: 0}
  m_PrefabInternal: {fileID: 100100000}
  serializedVersion: 4
  m_Component:
  - 4: {fileID: 400584}
  m_Layer: 0
  m_Name: scapula_L
  m_TagString: Untagged
  m_Icon: {fileID: 0}
  m_NavMeshLayer: 0
  m_StaticEditorFlags: 0
  m_IsActive: 1
--- !u!1 &175666
GameObject:
  m_ObjectHideFlags: 1
  m_PrefabParentObject: {fileID: 0}
  m_PrefabInternal: {fileID: 100100000}
  serializedVersion: 4
  m_Component:
  - 4: {fileID: 460356}
  m_Layer: 0
  m_Name: footTarget_L_end
  m_TagString: Untagged
  m_Icon: {fileID: 0}
  m_NavMeshLayer: 0
  m_StaticEditorFlags: 0
  m_IsActive: 1
--- !u!1 &175940
GameObject:
  m_ObjectHideFlags: 1
  m_PrefabParentObject: {fileID: 0}
  m_PrefabInternal: {fileID: 100100000}
  serializedVersion: 4
  m_Component:
  - 4: {fileID: 477600}
  m_Layer: 0
  m_Name: tail
  m_TagString: Untagged
  m_Icon: {fileID: 0}
  m_NavMeshLayer: 0
  m_StaticEditorFlags: 0
  m_IsActive: 1
--- !u!1 &176828
GameObject:
  m_ObjectHideFlags: 1
  m_PrefabParentObject: {fileID: 0}
  m_PrefabInternal: {fileID: 100100000}
  serializedVersion: 4
  m_Component:
  - 4: {fileID: 471904}
  m_Layer: 0
  m_Name: mouth_L
  m_TagString: Untagged
  m_Icon: {fileID: 0}
  m_NavMeshLayer: 0
  m_StaticEditorFlags: 0
  m_IsActive: 1
--- !u!1 &176842
GameObject:
  m_ObjectHideFlags: 1
  m_PrefabParentObject: {fileID: 0}
  m_PrefabInternal: {fileID: 100100000}
  serializedVersion: 4
  m_Component:
  - 4: {fileID: 494046}
  m_Layer: 0
  m_Name: dleg_L
  m_TagString: Untagged
  m_Icon: {fileID: 0}
  m_NavMeshLayer: 0
  m_StaticEditorFlags: 0
  m_IsActive: 1
--- !u!1 &177628
GameObject:
  m_ObjectHideFlags: 1
  m_PrefabParentObject: {fileID: 0}
  m_PrefabInternal: {fileID: 100100000}
  serializedVersion: 4
  m_Component:
  - 4: {fileID: 444608}
  m_Layer: 0
  m_Name: eyelidU_R_end
  m_TagString: Untagged
  m_Icon: {fileID: 0}
  m_NavMeshLayer: 0
  m_StaticEditorFlags: 0
  m_IsActive: 1
--- !u!1 &177852
GameObject:
  m_ObjectHideFlags: 1
  m_PrefabParentObject: {fileID: 0}
  m_PrefabInternal: {fileID: 100100000}
  serializedVersion: 4
  m_Component:
  - 4: {fileID: 415068}
  - 137: {fileID: 13762892}
  m_Layer: 0
  m_Name: Coolpecker
  m_TagString: Untagged
  m_Icon: {fileID: 0}
  m_NavMeshLayer: 0
  m_StaticEditorFlags: 0
  m_IsActive: 1
--- !u!1 &178322
GameObject:
  m_ObjectHideFlags: 1
  m_PrefabParentObject: {fileID: 0}
  m_PrefabInternal: {fileID: 100100000}
  serializedVersion: 4
  m_Component:
  - 4: {fileID: 468258}
  m_Layer: 0
  m_Name: toes_L_end
  m_TagString: Untagged
  m_Icon: {fileID: 0}
  m_NavMeshLayer: 0
  m_StaticEditorFlags: 0
  m_IsActive: 1
--- !u!1 &178668
GameObject:
  m_ObjectHideFlags: 1
  m_PrefabParentObject: {fileID: 0}
  m_PrefabInternal: {fileID: 100100000}
  serializedVersion: 4
  m_Component:
  - 4: {fileID: 441940}
  m_Layer: 0
  m_Name: mouth_R
  m_TagString: Untagged
  m_Icon: {fileID: 0}
  m_NavMeshLayer: 0
  m_StaticEditorFlags: 0
  m_IsActive: 1
--- !u!1 &178896
GameObject:
  m_ObjectHideFlags: 1
  m_PrefabParentObject: {fileID: 0}
  m_PrefabInternal: {fileID: 100100000}
  serializedVersion: 4
  m_Component:
  - 4: {fileID: 439830}
  m_Layer: 0
  m_Name: eyebrow2_L_end
  m_TagString: Untagged
  m_Icon: {fileID: 0}
  m_NavMeshLayer: 0
  m_StaticEditorFlags: 0
  m_IsActive: 1
--- !u!1 &180220
GameObject:
  m_ObjectHideFlags: 1
  m_PrefabParentObject: {fileID: 0}
  m_PrefabInternal: {fileID: 100100000}
  serializedVersion: 4
  m_Component:
  - 4: {fileID: 441712}
  m_Layer: 0
  m_Name: jaw_end
  m_TagString: Untagged
  m_Icon: {fileID: 0}
  m_NavMeshLayer: 0
  m_StaticEditorFlags: 0
  m_IsActive: 1
--- !u!1 &181910
GameObject:
  m_ObjectHideFlags: 1
  m_PrefabParentObject: {fileID: 0}
  m_PrefabInternal: {fileID: 100100000}
  serializedVersion: 4
  m_Component:
  - 4: {fileID: 464050}
  m_Layer: 0
  m_Name: eyebrow2_L
  m_TagString: Untagged
  m_Icon: {fileID: 0}
  m_NavMeshLayer: 0
  m_StaticEditorFlags: 0
  m_IsActive: 1
--- !u!1 &181914
GameObject:
  m_ObjectHideFlags: 1
  m_PrefabParentObject: {fileID: 0}
  m_PrefabInternal: {fileID: 100100000}
  serializedVersion: 4
  m_Component:
  - 4: {fileID: 445598}
  m_Layer: 0
  m_Name: knee_L_end
  m_TagString: Untagged
  m_Icon: {fileID: 0}
  m_NavMeshLayer: 0
  m_StaticEditorFlags: 0
  m_IsActive: 1
--- !u!1 &186398
GameObject:
  m_ObjectHideFlags: 1
  m_PrefabParentObject: {fileID: 0}
  m_PrefabInternal: {fileID: 100100000}
  serializedVersion: 4
  m_Component:
  - 4: {fileID: 416574}
  m_Layer: 0
  m_Name: fri1_R
  m_TagString: Untagged
  m_Icon: {fileID: 0}
  m_NavMeshLayer: 0
  m_StaticEditorFlags: 0
  m_IsActive: 1
--- !u!1 &187590
GameObject:
  m_ObjectHideFlags: 1
  m_PrefabParentObject: {fileID: 0}
  m_PrefabInternal: {fileID: 100100000}
  serializedVersion: 4
  m_Component:
  - 4: {fileID: 443858}
  m_Layer: 0
  m_Name: fmi2_R_end
  m_TagString: Untagged
  m_Icon: {fileID: 0}
  m_NavMeshLayer: 0
  m_StaticEditorFlags: 0
  m_IsActive: 1
--- !u!1 &188942
GameObject:
  m_ObjectHideFlags: 1
  m_PrefabParentObject: {fileID: 0}
  m_PrefabInternal: {fileID: 100100000}
  serializedVersion: 4
  m_Component:
  - 4: {fileID: 498752}
  m_Layer: 0
  m_Name: eye_L_end
  m_TagString: Untagged
  m_Icon: {fileID: 0}
  m_NavMeshLayer: 0
  m_StaticEditorFlags: 0
  m_IsActive: 1
--- !u!1 &189266
GameObject:
  m_ObjectHideFlags: 1
  m_PrefabParentObject: {fileID: 0}
  m_PrefabInternal: {fileID: 100100000}
  serializedVersion: 4
  m_Component:
  - 4: {fileID: 465452}
  m_Layer: 0
  m_Name: thubmb2_L_end
  m_TagString: Untagged
  m_Icon: {fileID: 0}
  m_NavMeshLayer: 0
  m_StaticEditorFlags: 0
  m_IsActive: 1
--- !u!1 &191346
GameObject:
  m_ObjectHideFlags: 1
  m_PrefabParentObject: {fileID: 0}
  m_PrefabInternal: {fileID: 100100000}
  serializedVersion: 4
  m_Component:
  - 4: {fileID: 473598}
  m_Layer: 0
  m_Name: uleg_R
  m_TagString: Untagged
  m_Icon: {fileID: 0}
  m_NavMeshLayer: 0
  m_StaticEditorFlags: 0
  m_IsActive: 1
--- !u!1 &191510
GameObject:
  m_ObjectHideFlags: 1
  m_PrefabParentObject: {fileID: 0}
  m_PrefabInternal: {fileID: 100100000}
  serializedVersion: 4
  m_Component:
  - 4: {fileID: 401010}
  m_Layer: 0
  m_Name: fri2_L
  m_TagString: Untagged
  m_Icon: {fileID: 0}
  m_NavMeshLayer: 0
  m_StaticEditorFlags: 0
  m_IsActive: 1
--- !u!1 &194246
GameObject:
  m_ObjectHideFlags: 1
  m_PrefabParentObject: {fileID: 0}
  m_PrefabInternal: {fileID: 100100000}
  serializedVersion: 4
  m_Component:
  - 4: {fileID: 450754}
  m_Layer: 0
  m_Name: fmi2_R
  m_TagString: Untagged
  m_Icon: {fileID: 0}
  m_NavMeshLayer: 0
  m_StaticEditorFlags: 0
  m_IsActive: 1
--- !u!1 &194368
GameObject:
  m_ObjectHideFlags: 1
  m_PrefabParentObject: {fileID: 0}
  m_PrefabInternal: {fileID: 100100000}
  serializedVersion: 4
  m_Component:
  - 4: {fileID: 497614}
  m_Layer: 0
  m_Name: fsm1_L
  m_TagString: Untagged
  m_Icon: {fileID: 0}
  m_NavMeshLayer: 0
  m_StaticEditorFlags: 0
  m_IsActive: 1
--- !u!1 &194702
GameObject:
  m_ObjectHideFlags: 1
  m_PrefabParentObject: {fileID: 0}
  m_PrefabInternal: {fileID: 100100000}
  serializedVersion: 4
  m_Component:
  - 4: {fileID: 411732}
  m_Layer: 0
  m_Name: knee_R
  m_TagString: Untagged
  m_Icon: {fileID: 0}
  m_NavMeshLayer: 0
  m_StaticEditorFlags: 0
  m_IsActive: 1
--- !u!1 &194764
GameObject:
  m_ObjectHideFlags: 1
  m_PrefabParentObject: {fileID: 0}
  m_PrefabInternal: {fileID: 100100000}
  serializedVersion: 4
  m_Component:
  - 4: {fileID: 422022}
  m_Layer: 0
  m_Name: eye_L
  m_TagString: Untagged
  m_Icon: {fileID: 0}
  m_NavMeshLayer: 0
  m_StaticEditorFlags: 0
  m_IsActive: 1
--- !u!1 &195296
GameObject:
  m_ObjectHideFlags: 1
  m_PrefabParentObject: {fileID: 0}
  m_PrefabInternal: {fileID: 100100000}
  serializedVersion: 4
  m_Component:
  - 4: {fileID: 428514}
  m_Layer: 0
  m_Name: eye_target
  m_TagString: Untagged
  m_Icon: {fileID: 0}
  m_NavMeshLayer: 0
  m_StaticEditorFlags: 0
  m_IsActive: 1
--- !u!1 &195476
GameObject:
  m_ObjectHideFlags: 1
  m_PrefabParentObject: {fileID: 0}
  m_PrefabInternal: {fileID: 100100000}
  serializedVersion: 4
  m_Component:
  - 4: {fileID: 445526}
  m_Layer: 0
  m_Name: neck
  m_TagString: Untagged
  m_Icon: {fileID: 0}
  m_NavMeshLayer: 0
  m_StaticEditorFlags: 0
  m_IsActive: 1
--- !u!1 &195988
GameObject:
  m_ObjectHideFlags: 1
  m_PrefabParentObject: {fileID: 0}
  m_PrefabInternal: {fileID: 100100000}
  serializedVersion: 4
  m_Component:
  - 4: {fileID: 473024}
  m_Layer: 0
  m_Name: thumb1_R
  m_TagString: Untagged
  m_Icon: {fileID: 0}
  m_NavMeshLayer: 0
  m_StaticEditorFlags: 0
  m_IsActive: 1
--- !u!1 &197774
GameObject:
  m_ObjectHideFlags: 1
  m_PrefabParentObject: {fileID: 0}
  m_PrefabInternal: {fileID: 100100000}
  serializedVersion: 4
  m_Component:
  - 4: {fileID: 429720}
  m_Layer: 0
  m_Name: fsm2_R_end
  m_TagString: Untagged
  m_Icon: {fileID: 0}
  m_NavMeshLayer: 0
  m_StaticEditorFlags: 0
  m_IsActive: 1
--- !u!1 &199046
GameObject:
  m_ObjectHideFlags: 1
  m_PrefabParentObject: {fileID: 0}
  m_PrefabInternal: {fileID: 100100000}
  serializedVersion: 4
  m_Component:
  - 4: {fileID: 405510}
  m_Layer: 0
  m_Name: eyelidU_L_end
  m_TagString: Untagged
  m_Icon: {fileID: 0}
  m_NavMeshLayer: 0
  m_StaticEditorFlags: 0
  m_IsActive: 1
--- !u!1 &199248
GameObject:
  m_ObjectHideFlags: 1
  m_PrefabParentObject: {fileID: 0}
  m_PrefabInternal: {fileID: 100100000}
  serializedVersion: 4
  m_Component:
  - 4: {fileID: 492778}
  m_Layer: 0
  m_Name: eyelidD_R_end
  m_TagString: Untagged
  m_Icon: {fileID: 0}
  m_NavMeshLayer: 0
  m_StaticEditorFlags: 0
  m_IsActive: 1
--- !u!1 &199862
GameObject:
  m_ObjectHideFlags: 1
  m_PrefabParentObject: {fileID: 0}
  m_PrefabInternal: {fileID: 100100000}
  serializedVersion: 4
  m_Component:
  - 4: {fileID: 412396}
  m_Layer: 0
  m_Name: hips
  m_TagString: Untagged
  m_Icon: {fileID: 0}
  m_NavMeshLayer: 0
  m_StaticEditorFlags: 0
  m_IsActive: 1
--- !u!4 &400584
Transform:
  m_ObjectHideFlags: 1
  m_PrefabParentObject: {fileID: 0}
  m_PrefabInternal: {fileID: 100100000}
  m_GameObject: {fileID: 175520}
  m_LocalRotation: {x: -.540952027, y: .385161132, z: .593001664, w: .455379993}
  m_LocalPosition: {x: -2.22044605e-16, y: .336965472, z: 1.86264515e-08}
  m_LocalScale: {x: 1, y: 1, z: .99999994}
  m_Children:
  - {fileID: 431212}
  m_Father: {fileID: 403944}
  m_RootOrder: 1
--- !u!4 &400730
Transform:
  m_ObjectHideFlags: 1
  m_PrefabParentObject: {fileID: 0}
  m_PrefabInternal: {fileID: 100100000}
  m_GameObject: {fileID: 168372}
  m_LocalRotation: {x: -.214179799, y: -.00255488395, z: .0289900564, w: .976360679}
  m_LocalPosition: {x: -1.02445483e-08, y: .10540437, z: 1.76951289e-08}
  m_LocalScale: {x: 1, y: .99999994, z: .99999994}
  m_Children:
  - {fileID: 454800}
  m_Father: {fileID: 497614}
  m_RootOrder: 0
--- !u!4 &401010
Transform:
  m_ObjectHideFlags: 1
  m_PrefabParentObject: {fileID: 0}
  m_PrefabInternal: {fileID: 100100000}
  m_GameObject: {fileID: 191510}
  m_LocalRotation: {x: -.186031401, y: .00301403482, z: -.0200620443, w: .982334375}
  m_LocalPosition: {x: 2.98023224e-08, y: .106401533, z: -1.86264515e-09}
  m_LocalScale: {x: .99999994, y: 1, z: 1}
  m_Children:
  - {fileID: 461784}
  m_Father: {fileID: 481678}
  m_RootOrder: 0
--- !u!4 &403944
Transform:
  m_ObjectHideFlags: 1
  m_PrefabParentObject: {fileID: 0}
  m_PrefabInternal: {fileID: 100100000}
  m_GameObject: {fileID: 123728}
  m_LocalRotation: {x: -.130341142, y: 3.58193297e-08, z: 1.61079736e-08, w: .991469204}
  m_LocalPosition: {x: -1.21170435e-15, y: .184305251, z: -4.65661287e-09}
  m_LocalScale: {x: 1, y: 1, z: 1}
  m_Children:
  - {fileID: 445526}
  - {fileID: 400584}
  - {fileID: 426232}
  m_Father: {fileID: 471698}
  m_RootOrder: 0
--- !u!4 &405154
Transform:
  m_ObjectHideFlags: 1
  m_PrefabParentObject: {fileID: 0}
  m_PrefabInternal: {fileID: 100100000}
  m_GameObject: {fileID: 151776}
  m_LocalRotation: {x: 0, y: 0, z: 0, w: 1}
  m_LocalPosition: {x: -0, y: .0701889992, z: 0}
  m_LocalScale: {x: 1, y: 1, z: 1}
  m_Children: []
  m_Father: {fileID: 428514}
  m_RootOrder: 0
--- !u!4 &405510
Transform:
  m_ObjectHideFlags: 1
  m_PrefabParentObject: {fileID: 0}
  m_PrefabInternal: {fileID: 100100000}
  m_GameObject: {fileID: 199046}
  m_LocalRotation: {x: 0, y: 0, z: 0, w: 1}
  m_LocalPosition: {x: -0, y: .0187368393, z: 0}
  m_LocalScale: {x: 1, y: 1, z: 1}
  m_Children: []
  m_Father: {fileID: 416156}
  m_RootOrder: 0
--- !u!4 &405844
Transform:
  m_ObjectHideFlags: 1
  m_PrefabParentObject: {fileID: 0}
  m_PrefabInternal: {fileID: 100100000}
  m_GameObject: {fileID: 150664}
  m_LocalRotation: {x: .697631657, y: .0833009928, z: -.021717757, w: .711266041}
  m_LocalPosition: {x: 2.91038305e-09, y: .5286026, z: 3.7252903e-09}
  m_LocalScale: {x: 1.00000012, y: .999999702, z: .99999994}
  m_Children:
  - {fileID: 479480}
  m_Father: {fileID: 494046}
  m_RootOrder: 0
--- !u!4 &408706
Transform:
  m_ObjectHideFlags: 1
  m_PrefabParentObject: {fileID: 0}
  m_PrefabInternal: {fileID: 100100000}
  m_GameObject: {fileID: 174184}
  m_LocalRotation: {x: -.192256555, y: .000539450673, z: .017951509, w: .98118037}
  m_LocalPosition: {x: 4.47034836e-08, y: .107401237, z: -8.19563866e-08}
  m_LocalScale: {x: .999999881, y: .999999881, z: .99999994}
  m_Children:
  - {fileID: 463146}
  m_Father: {fileID: 429102}
  m_RootOrder: 0
--- !u!4 &408894
Transform:
  m_ObjectHideFlags: 1
  m_PrefabParentObject: {fileID: 0}
  m_PrefabInternal: {fileID: 100100000}
  m_GameObject: {fileID: 108444}
  m_LocalRotation: {x: .703780353, y: -.0837263688, z: .0114881229, w: .705373049}
  m_LocalPosition: {x: -8.61473382e-09, y: .528602719, z: 2.14204192e-08}
  m_LocalScale: {x: .999999821, y: .999999821, z: .999999881}
  m_Children:
  - {fileID: 449408}
  m_Father: {fileID: 431324}
  m_RootOrder: 0
--- !u!4 &410068
Transform:
  m_ObjectHideFlags: 1
  m_PrefabParentObject: {fileID: 0}
  m_PrefabInternal: {fileID: 100100000}
  m_GameObject: {fileID: 151398}
  m_LocalRotation: {x: 0, y: 0, z: 0, w: 1}
  m_LocalPosition: {x: -0, y: .0195691586, z: 0}
  m_LocalScale: {x: 1, y: 1, z: 1}
  m_Children: []
  m_Father: {fileID: 441940}
  m_RootOrder: 0
--- !u!4 &410264
Transform:
  m_ObjectHideFlags: 1
  m_PrefabParentObject: {fileID: 0}
  m_PrefabInternal: {fileID: 100100000}
  m_GameObject: {fileID: 144144}
  m_LocalRotation: {x: -.426806003, y: .206365079, z: .0189406071, w: .880279183}
  m_LocalPosition: {x: 2.60494559e-09, y: .200892031, z: -2.94360163e-08}
  m_LocalScale: {x: 1, y: 1.00000012, z: 1.00000012}
  m_Children:
  - {fileID: 497156}
  m_Father: {fileID: 426232}
  m_RootOrder: 0
--- !u!4 &411732
Transform:
  m_ObjectHideFlags: 1
  m_PrefabParentObject: {fileID: 0}
  m_PrefabInternal: {fileID: 100100000}
  m_GameObject: {fileID: 194702}
  m_LocalRotation: {x: .697285116, y: -.117446102, z: -.117446095, w: .697285056}
  m_LocalPosition: {x: .199235618, y: -1.46784365, z: -.607370496}
  m_LocalScale: {x: .999999881, y: 1, z: 1}
  m_Children:
  - {fileID: 426168}
  m_Father: {fileID: 438908}
  m_RootOrder: 3
--- !u!4 &411928
Transform:
  m_ObjectHideFlags: 1
  m_PrefabParentObject: {fileID: 0}
  m_PrefabInternal: {fileID: 100100000}
  m_GameObject: {fileID: 114464}
  m_LocalRotation: {x: 0, y: 0, z: 0, w: 1}
  m_LocalPosition: {x: -0, y: .0622704029, z: 0}
  m_LocalScale: {x: 1, y: 1, z: 1}
  m_Children: []
  m_Father: {fileID: 438472}
  m_RootOrder: 0
--- !u!4 &412332
Transform:
  m_ObjectHideFlags: 1
  m_PrefabParentObject: {fileID: 0}
  m_PrefabInternal: {fileID: 100100000}
  m_GameObject: {fileID: 143156}
  m_LocalRotation: {x: 0, y: 0, z: 0, w: 1}
  m_LocalPosition: {x: -0, y: .164906815, z: 0}
  m_LocalScale: {x: 1, y: 1, z: 1}
  m_Children: []
  m_Father: {fileID: 420314}
  m_RootOrder: 0
--- !u!4 &412396
Transform:
  m_ObjectHideFlags: 1
  m_PrefabParentObject: {fileID: 0}
  m_PrefabInternal: {fileID: 100100000}
  m_GameObject: {fileID: 199862}
  m_LocalRotation: {x: -.680120707, y: .0143706305, z: .0185067989, w: .73272562}
  m_LocalPosition: {x: -2.35483354e-15, y: 2.32847697e-09, z: 1.17911767e-07}
  m_LocalScale: {x: .999999821, y: .99999994, z: .99999994}
  m_Children:
  - {fileID: 477600}
  - {fileID: 483432}
  - {fileID: 473598}
  m_Father: {fileID: 438908}
  m_RootOrder: 1
--- !u!4 &415068
Transform:
  m_ObjectHideFlags: 1
  m_PrefabParentObject: {fileID: 0}
  m_PrefabInternal: {fileID: 100100000}
  m_GameObject: {fileID: 177852}
  m_LocalRotation: {x: -.707106829, y: 0, z: -0, w: .707106709}
  m_LocalPosition: {x: 0, y: 0, z: 0}
  m_LocalScale: {x: 1, y: 1, z: 1}
  m_Children: []
  m_Father: {fileID: 452050}
  m_RootOrder: 0
--- !u!4 &415626
Transform:
  m_ObjectHideFlags: 1
  m_PrefabParentObject: {fileID: 0}
  m_PrefabInternal: {fileID: 100100000}
  m_GameObject: {fileID: 117592}
  m_LocalRotation: {x: 0, y: 5.55110487e-17, z: -6.61729344e-24, w: 1}
  m_LocalPosition: {x: .116009519, y: .224798262, z: .163723558}
  m_LocalScale: {x: 1, y: 1, z: 1}
  m_Children:
  - {fileID: 449750}
  m_Father: {fileID: 498938}
  m_RootOrder: 3
--- !u!4 &415726
Transform:
  m_ObjectHideFlags: 1
  m_PrefabParentObject: {fileID: 0}
  m_PrefabInternal: {fileID: 100100000}
  m_GameObject: {fileID: 168516}
  m_LocalRotation: {x: -.192256615, y: -.000539449917, z: -.0179514848, w: .98118037}
  m_LocalPosition: {x: -1.49011612e-08, y: .107401289, z: 2.98023224e-08}
  m_LocalScale: {x: .999999881, y: .999999762, z: .999999881}
  m_Children:
  - {fileID: 499296}
  m_Father: {fileID: 460074}
  m_RootOrder: 0
--- !u!4 &416156
Transform:
  m_ObjectHideFlags: 1
  m_PrefabParentObject: {fileID: 0}
  m_PrefabInternal: {fileID: 100100000}
  m_GameObject: {fileID: 101962}
  m_LocalRotation: {x: 0, y: -1.11022408e-16, z: 1.32350413e-23, w: 1}
  m_LocalPosition: {x: -.0728673413, y: .203855082, z: .151977405}
  m_LocalScale: {x: 1, y: 1, z: 1}
  m_Children:
  - {fileID: 405510}
  m_Father: {fileID: 498938}
  m_RootOrder: 6
--- !u!4 &416574
Transform:
  m_ObjectHideFlags: 1
  m_PrefabParentObject: {fileID: 0}
  m_PrefabInternal: {fileID: 100100000}
  m_GameObject: {fileID: 186398}
  m_LocalRotation: {x: -.0191687308, y: .00355374417, z: -.0445141196, w: .998818517}
  m_LocalPosition: {x: -.0490089394, y: .256086618, z: .0178584866}
  m_LocalScale: {x: 1.00000012, y: 1, z: 1.00000012}
  m_Children:
  - {fileID: 456602}
  m_Father: {fileID: 433986}
  m_RootOrder: 2
--- !u!4 &420314
Transform:
  m_ObjectHideFlags: 1
  m_PrefabParentObject: {fileID: 0}
  m_PrefabInternal: {fileID: 100100000}
  m_GameObject: {fileID: 173904}
  m_LocalRotation: {x: -3.17433916e-07, y: .841028392, z: .540991008, w: -4.35700031e-07}
  m_LocalPosition: {x: -2.4348254e-10, y: .290126383, z: .163872227}
  m_LocalScale: {x: 1, y: .999999821, z: 1.00000012}
  m_Children:
  - {fileID: 412332}
  m_Father: {fileID: 498938}
  m_RootOrder: 10
--- !u!4 &420696
Transform:
  m_ObjectHideFlags: 1
  m_PrefabParentObject: {fileID: 0}
  m_PrefabInternal: {fileID: 100100000}
  m_GameObject: {fileID: 131240}
  m_LocalRotation: {x: -.214179754, y: .0025549056, z: -.0289900526, w: .976360679}
  m_LocalPosition: {x: 7.4505806e-09, y: .105404407, z: 4.65661287e-08}
  m_LocalScale: {x: 1, y: .99999994, z: .99999994}
  m_Children:
  - {fileID: 429720}
  m_Father: {fileID: 499936}
  m_RootOrder: 0
--- !u!4 &422022
Transform:
  m_ObjectHideFlags: 1
  m_PrefabParentObject: {fileID: 0}
  m_PrefabInternal: {fileID: 100100000}
  m_GameObject: {fileID: 194764}
  m_LocalRotation: {x: -1.82850046e-09, y: -.233445466, z: -8.49422477e-10, w: .972369909}
  m_LocalPosition: {x: -.0726087317, y: .164811194, z: .160874635}
  m_LocalScale: {x: 1, y: 1, z: 1}
  m_Children:
  - {fileID: 498752}
  m_Father: {fileID: 498938}
  m_RootOrder: 0
--- !u!4 &423420
Transform:
  m_ObjectHideFlags: 1
  m_PrefabParentObject: {fileID: 0}
  m_PrefabInternal: {fileID: 100100000}
  m_GameObject: {fileID: 132022}
  m_LocalRotation: {x: 0, y: -1.11022408e-16, z: 1.32350413e-23, w: 1}
  m_LocalPosition: {x: -.129537195, y: .141849324, z: .117957309}
  m_LocalScale: {x: 1, y: 1, z: 1}
  m_Children:
  - {fileID: 463642}
  m_Father: {fileID: 498938}
  m_RootOrder: 4
--- !u!4 &426168
Transform:
  m_ObjectHideFlags: 1
  m_PrefabParentObject: {fileID: 0}
  m_PrefabInternal: {fileID: 100100000}
  m_GameObject: {fileID: 110180}
  m_LocalRotation: {x: 0, y: 0, z: 0, w: 1}
  m_LocalPosition: {x: -0, y: .143956006, z: 0}
  m_LocalScale: {x: 1, y: 1, z: 1}
  m_Children: []
  m_Father: {fileID: 411732}
  m_RootOrder: 0
--- !u!4 &426232
Transform:
  m_ObjectHideFlags: 1
  m_PrefabParentObject: {fileID: 0}
  m_PrefabInternal: {fileID: 100100000}
  m_GameObject: {fileID: 147696}
  m_LocalRotation: {x: .540951908, y: .385161161, z: .593001664, w: -.455380023}
  m_LocalPosition: {x: -2.22044605e-16, y: .336965472, z: 1.86264515e-08}
  m_LocalScale: {x: 1, y: .999999881, z: 1}
  m_Children:
  - {fileID: 410264}
  m_Father: {fileID: 403944}
  m_RootOrder: 2
--- !u!4 &427738
Transform:
  m_ObjectHideFlags: 1
  m_PrefabParentObject: {fileID: 0}
  m_PrefabInternal: {fileID: 100100000}
  m_GameObject: {fileID: 165954}
  m_LocalRotation: {x: 0, y: 0, z: 0, w: 1}
  m_LocalPosition: {x: -0, y: .153867766, z: 0}
  m_LocalScale: {x: 1, y: 1, z: 1}
  m_Children: []
  m_Father: {fileID: 449408}
  m_RootOrder: 0
--- !u!4 &428514
Transform:
  m_ObjectHideFlags: 1
  m_PrefabParentObject: {fileID: 0}
  m_PrefabInternal: {fileID: 100100000}
  m_GameObject: {fileID: 195296}
  m_LocalRotation: {x: -4.08294412e-08, y: .686044455, z: .727559626, w: -2.15797833e-08}
  m_LocalPosition: {x: -1.36332892e-08, y: -2.00847149, z: .74494642}
  m_LocalScale: {x: 1, y: 1, z: 1}
  m_Children:
  - {fileID: 405154}
  m_Father: {fileID: 438908}
  m_RootOrder: 0
--- !u!4 &429102
Transform:
  m_ObjectHideFlags: 1
  m_PrefabParentObject: {fileID: 0}
  m_PrefabInternal: {fileID: 100100000}
  m_GameObject: {fileID: 145786}
  m_LocalRotation: {x: -.019064717, y: .0040751351, z: -.017260585, w: .999660969}
  m_LocalPosition: {x: .102939576, y: .252883196, z: .017421674}
  m_LocalScale: {x: 1, y: .99999994, z: 1}
  m_Children:
  - {fileID: 408706}
  m_Father: {fileID: 433986}
  m_RootOrder: 0
--- !u!4 &429720
Transform:
  m_ObjectHideFlags: 1
  m_PrefabParentObject: {fileID: 0}
  m_PrefabInternal: {fileID: 100100000}
  m_GameObject: {fileID: 197774}
  m_LocalRotation: {x: 0, y: 0, z: 0, w: 1}
  m_LocalPosition: {x: -0, y: .102110341, z: 0}
  m_LocalScale: {x: 1, y: 1, z: 1}
  m_Children: []
  m_Father: {fileID: 420696}
  m_RootOrder: 0
--- !u!4 &431212
Transform:
  m_ObjectHideFlags: 1
  m_PrefabParentObject: {fileID: 0}
  m_PrefabInternal: {fileID: 100100000}
  m_GameObject: {fileID: 106004}
  m_LocalRotation: {x: -.426805943, y: -.206365019, z: -.0189405922, w: .880279183}
  m_LocalPosition: {x: 3.57334518e-09, y: .200892031, z: -3.6998177e-08}
  m_LocalScale: {x: .99999994, y: 1, z: .999999881}
  m_Children:
  - {fileID: 485532}
  m_Father: {fileID: 400584}
  m_RootOrder: 0
--- !u!4 &431324
Transform:
  m_ObjectHideFlags: 1
  m_PrefabParentObject: {fileID: 0}
  m_PrefabInternal: {fileID: 100100000}
  m_GameObject: {fileID: 154590}
  m_LocalRotation: {x: -.43883574, y: .00363639044, z: -.0131199174, w: .898464203}
  m_LocalPosition: {x: 4.65661287e-09, y: .478094399, z: -4.91272658e-08}
  m_LocalScale: {x: .999999821, y: 1, z: .999999881}
  m_Children:
  - {fileID: 408894}
  m_Father: {fileID: 473598}
  m_RootOrder: 0
--- !u!4 &432574
Transform:
  m_ObjectHideFlags: 1
  m_PrefabParentObject: {fileID: 0}
  m_PrefabInternal: {fileID: 100100000}
  m_GameObject: {fileID: 151196}
  m_LocalRotation: {x: 0, y: -5.55112571e-17, z: 6.61759636e-24, w: 1}
  m_LocalPosition: {x: -.116009533, y: .224798262, z: .163723558}
  m_LocalScale: {x: 1, y: 1, z: 1}
  m_Children:
  - {fileID: 464050}
  m_Father: {fileID: 498938}
  m_RootOrder: 2
--- !u!4 &433986
Transform:
  m_ObjectHideFlags: 1
  m_PrefabParentObject: {fileID: 0}
  m_PrefabInternal: {fileID: 100100000}
  m_GameObject: {fileID: 124984}
  m_LocalRotation: {x: -.0266921166, y: -.000681904668, z: .0520371422, w: .998288155}
  m_LocalPosition: {x: -3.7252903e-09, y: .425725549, z: -3.11993062e-08}
  m_LocalScale: {x: .99999994, y: 1.00000012, z: .99999994}
  m_Children:
  - {fileID: 429102}
  - {fileID: 468086}
  - {fileID: 416574}
  - {fileID: 499936}
  - {fileID: 473024}
  m_Father: {fileID: 497156}
  m_RootOrder: 0
--- !u!4 &434280
Transform:
  m_ObjectHideFlags: 1
  m_PrefabParentObject: {fileID: 0}
  m_PrefabInternal: {fileID: 100100000}
  m_GameObject: {fileID: 152334}
  m_LocalRotation: {x: 0, y: 1.11022203e-16, z: -1.32347383e-23, w: 1}
  m_LocalPosition: {x: .129537165, y: .141849324, z: .117957309}
  m_LocalScale: {x: 1, y: 1, z: 1}
  m_Children:
  - {fileID: 492778}
  m_Father: {fileID: 498938}
  m_RootOrder: 5
--- !u!4 &437716
Transform:
  m_ObjectHideFlags: 1
  m_PrefabParentObject: {fileID: 0}
  m_PrefabInternal: {fileID: 100100000}
  m_GameObject: {fileID: 174724}
  m_LocalRotation: {x: -3.49839127e-07, y: .705016911, z: .709190488, w: -2.62952312e-07}
  m_LocalPosition: {x: -2.43481929e-10, y: .0497087687, z: .134304196}
  m_LocalScale: {x: 1, y: .99999994, z: 1.00000012}
  m_Children:
  - {fileID: 441712}
  m_Father: {fileID: 498938}
  m_RootOrder: 11
--- !u!4 &438472
Transform:
  m_ObjectHideFlags: 1
  m_PrefabParentObject: {fileID: 0}
  m_PrefabInternal: {fileID: 100100000}
  m_GameObject: {fileID: 121172}
  m_LocalRotation: {x: -.0149480272, y: .681525409, z: .731509209, w: .0139267351}
  m_LocalPosition: {x: .0745114312, y: .169211194, z: .0975656584}
  m_LocalScale: {x: .999999821, y: .999999881, z: 1.00000036}
  m_Children:
  - {fileID: 411928}
  m_Father: {fileID: 498938}
  m_RootOrder: 9
--- !u!4 &438908
Transform:
  m_ObjectHideFlags: 1
  m_PrefabParentObject: {fileID: 0}
  m_PrefabInternal: {fileID: 100100000}
  m_GameObject: {fileID: 165528}
  m_LocalRotation: {x: -.707106709, y: 1.05367111e-08, z: -1.05367119e-08, w: .707106829}
  m_LocalPosition: {x: -6.13843698e-10, y: 1.16015768, z: -.0293778218}
  m_LocalScale: {x: 1, y: 1, z: 1}
  m_Children:
  - {fileID: 428514}
  - {fileID: 412396}
  - {fileID: 480388}
  - {fileID: 411732}
  - {fileID: 471698}
  m_Father: {fileID: 465270}
  m_RootOrder: 0
--- !u!4 &438932
Transform:
  m_ObjectHideFlags: 1
  m_PrefabParentObject: {fileID: 0}
  m_PrefabInternal: {fileID: 100100000}
  m_GameObject: {fileID: 126468}
  m_LocalRotation: {x: 0, y: 0, z: 0, w: 1}
  m_LocalPosition: {x: -0, y: .129764318, z: 0}
  m_LocalScale: {x: 1, y: 1, z: 1}
  m_Children: []
  m_Father: {fileID: 449714}
  m_RootOrder: 0
--- !u!4 &439830
Transform:
  m_ObjectHideFlags: 1
  m_PrefabParentObject: {fileID: 0}
  m_PrefabInternal: {fileID: 100100000}
  m_GameObject: {fileID: 178896}
  m_LocalRotation: {x: 0, y: 0, z: 0, w: 1}
  m_LocalPosition: {x: -0, y: .0235681199, z: 0}
  m_LocalScale: {x: 1, y: 1, z: 1}
  m_Children: []
  m_Father: {fileID: 464050}
  m_RootOrder: 0
--- !u!4 &440368
Transform:
  m_ObjectHideFlags: 1
  m_PrefabParentObject: {fileID: 0}
  m_PrefabInternal: {fileID: 100100000}
  m_GameObject: {fileID: 131952}
  m_LocalRotation: {x: .0149480226, y: .681525409, z: .731509209, w: -.0139267314}
  m_LocalPosition: {x: -.0745114461, y: .169211194, z: .0975656584}
  m_LocalScale: {x: .999999821, y: .999999881, z: 1.00000036}
  m_Children:
  - {fileID: 470032}
  m_Father: {fileID: 498938}
  m_RootOrder: 8
--- !u!4 &441712
Transform:
  m_ObjectHideFlags: 1
  m_PrefabParentObject: {fileID: 0}
  m_PrefabInternal: {fileID: 100100000}
  m_GameObject: {fileID: 180220}
  m_LocalRotation: {x: 0, y: 0, z: 0, w: 1}
  m_LocalPosition: {x: -0, y: .164906844, z: 0}
  m_LocalScale: {x: 1, y: 1, z: 1}
  m_Children: []
  m_Father: {fileID: 437716}
  m_RootOrder: 0
--- !u!4 &441940
Transform:
  m_ObjectHideFlags: 1
  m_PrefabParentObject: {fileID: 0}
  m_PrefabInternal: {fileID: 100100000}
  m_GameObject: {fileID: 178668}
  m_LocalRotation: {x: -8.47032947e-22, y: 1.1920929e-07, z: 8.47033351e-22, w: 1}
  m_LocalPosition: {x: .0972203389, y: .0874286145, z: .13777335}
  m_LocalScale: {x: 1, y: 1, z: 1}
  m_Children:
  - {fileID: 410068}
  m_Father: {fileID: 498938}
  m_RootOrder: 13
--- !u!4 &441980
Transform:
  m_ObjectHideFlags: 1
  m_PrefabParentObject: {fileID: 0}
  m_PrefabInternal: {fileID: 100100000}
  m_GameObject: {fileID: 171090}
  m_LocalRotation: {x: -.0221933965, y: -.210067719, z: .972024858, w: .102697149}
  m_LocalPosition: {x: -.152583957, y: .0489560626, z: .0754444748}
  m_LocalScale: {x: 1.00000012, y: 1.00000012, z: 1.00000024}
  m_Children:
  - {fileID: 460356}
  m_Father: {fileID: 487194}
  m_RootOrder: 0
--- !u!4 &443858
Transform:
  m_ObjectHideFlags: 1
  m_PrefabParentObject: {fileID: 0}
  m_PrefabInternal: {fileID: 100100000}
  m_GameObject: {fileID: 187590}
  m_LocalRotation: {x: 0, y: 0, z: 0, w: 1}
  m_LocalPosition: {x: -0, y: .129764318, z: 0}
  m_LocalScale: {x: 1, y: 1, z: 1}
  m_Children: []
  m_Father: {fileID: 450754}
  m_RootOrder: 0
--- !u!4 &444592
Transform:
  m_ObjectHideFlags: 1
  m_PrefabParentObject: {fileID: 0}
  m_PrefabInternal: {fileID: 100100000}
  m_GameObject: {fileID: 162038}
  m_LocalRotation: {x: 0, y: 0, z: 0, w: 1}
  m_LocalPosition: {x: -0, y: .0195691586, z: 0}
  m_LocalScale: {x: 1, y: 1, z: 1}
  m_Children: []
  m_Father: {fileID: 471904}
  m_RootOrder: 0
--- !u!4 &444608
Transform:
  m_ObjectHideFlags: 1
  m_PrefabParentObject: {fileID: 0}
  m_PrefabInternal: {fileID: 100100000}
  m_GameObject: {fileID: 177628}
  m_LocalRotation: {x: 0, y: 0, z: 0, w: 1}
  m_LocalPosition: {x: -0, y: .0187368393, z: 0}
  m_LocalScale: {x: 1, y: 1, z: 1}
  m_Children: []
  m_Father: {fileID: 453366}
  m_RootOrder: 0
--- !u!4 &445526
Transform:
  m_ObjectHideFlags: 1
  m_PrefabParentObject: {fileID: 0}
  m_PrefabInternal: {fileID: 100100000}
  m_GameObject: {fileID: 195476}
  m_LocalRotation: {x: .310966671, y: 4.77612474e-08, z: 3.6368565e-08, w: .950420856}
  m_LocalPosition: {x: -2.22044605e-16, y: .336965472, z: 1.86264515e-08}
  m_LocalScale: {x: 1, y: .999999881, z: 1}
  m_Children:
  - {fileID: 498938}
  m_Father: {fileID: 403944}
  m_RootOrder: 0
--- !u!4 &445598
Transform:
  m_ObjectHideFlags: 1
  m_PrefabParentObject: {fileID: 0}
  m_PrefabInternal: {fileID: 100100000}
  m_GameObject: {fileID: 181914}
  m_LocalRotation: {x: 0, y: 0, z: 0, w: 1}
  m_LocalPosition: {x: -0, y: .143956006, z: 0}
  m_LocalScale: {x: 1, y: 1, z: 1}
  m_Children: []
  m_Father: {fileID: 480388}
  m_RootOrder: 0
--- !u!4 &449408
Transform:
  m_ObjectHideFlags: 1
  m_PrefabParentObject: {fileID: 0}
  m_PrefabInternal: {fileID: 100100000}
  m_GameObject: {fileID: 117542}
  m_LocalRotation: {x: .211235121, y: .00042058542, z: -.00194769411, w: .977433264}
  m_LocalPosition: {x: -1.96946992e-09, y: .129163742, z: -9.31322575e-10}
  m_LocalScale: {x: 1, y: .999999881, z: 1.00000012}
  m_Children:
  - {fileID: 427738}
  m_Father: {fileID: 408894}
  m_RootOrder: 0
--- !u!4 &449714
Transform:
  m_ObjectHideFlags: 1
  m_PrefabParentObject: {fileID: 0}
  m_PrefabInternal: {fileID: 100100000}
  m_GameObject: {fileID: 144040}
  m_LocalRotation: {x: -.182057068, y: .000748386432, z: -.0166522767, w: .983146667}
  m_LocalPosition: {x: 4.47034836e-08, y: .121937692, z: -1.86264515e-08}
  m_LocalScale: {x: .999999881, y: 1.00000012, z: 1}
  m_Children:
  - {fileID: 438932}
  m_Father: {fileID: 461614}
  m_RootOrder: 0
--- !u!4 &449750
Transform:
  m_ObjectHideFlags: 1
  m_PrefabParentObject: {fileID: 0}
  m_PrefabInternal: {fileID: 100100000}
  m_GameObject: {fileID: 170604}
  m_LocalRotation: {x: .0500458889, y: .0653779581, z: .8155303, w: .572827637}
  m_LocalPosition: {x: -.0235688016, y: -.00302762096, z: .0145915123}
  m_LocalScale: {x: 1, y: 1, z: .999999881}
  m_Children:
  - {fileID: 487026}
  m_Father: {fileID: 415626}
  m_RootOrder: 0
--- !u!4 &450754
Transform:
  m_ObjectHideFlags: 1
  m_PrefabParentObject: {fileID: 0}
  m_PrefabInternal: {fileID: 100100000}
  m_GameObject: {fileID: 194246}
  m_LocalRotation: {x: -.182057068, y: -.000748364953, z: .0166522954, w: .983146667}
  m_LocalPosition: {x: -0, y: .121937603, z: 3.35276127e-08}
  m_LocalScale: {x: .999999881, y: 1.00000012, z: .999999881}
  m_Children:
  - {fileID: 443858}
  m_Father: {fileID: 468086}
  m_RootOrder: 0
--- !u!4 &451708
Transform:
  m_ObjectHideFlags: 1
  m_PrefabParentObject: {fileID: 0}
  m_PrefabInternal: {fileID: 100100000}
  m_GameObject: {fileID: 113164}
  m_LocalRotation: {x: -.0509305075, y: -.693005443, z: .193970025, w: .692477584}
  m_LocalPosition: {x: -.152615979, y: .109348118, z: -.0465270206}
  m_LocalScale: {x: 1, y: .999999881, z: .999999881}
  m_Children:
  - {fileID: 485042}
  m_Father: {fileID: 482480}
  m_RootOrder: 4
--- !u!4 &452050
Transform:
  m_ObjectHideFlags: 1
  m_PrefabParentObject: {fileID: 0}
  m_PrefabInternal: {fileID: 100100000}
  m_GameObject: {fileID: 116024}
  m_LocalRotation: {x: 0, y: 0, z: 0, w: 1}
  m_LocalPosition: {x: 0, y: 0, z: 0}
  m_LocalScale: {x: 1, y: 1, z: 1}
  m_Children:
  - {fileID: 415068}
  - {fileID: 487194}
  m_Father: {fileID: 480772}
  m_RootOrder: 0
--- !u!4 &452266
Transform:
  m_ObjectHideFlags: 1
  m_PrefabParentObject: {fileID: 0}
  m_PrefabInternal: {fileID: 100100000}
  m_GameObject: {fileID: 128862}
  m_LocalRotation: {x: 0, y: 0, z: 0, w: 1}
  m_LocalPosition: {x: -0, y: .109079488, z: 0}
  m_LocalScale: {x: 1, y: 1, z: 1}
  m_Children: []
  m_Father: {fileID: 464806}
  m_RootOrder: 0
--- !u!4 &453366
Transform:
  m_ObjectHideFlags: 1
  m_PrefabParentObject: {fileID: 0}
  m_PrefabInternal: {fileID: 100100000}
  m_GameObject: {fileID: 124290}
  m_LocalRotation: {x: 0, y: 1.11022203e-16, z: -1.32347383e-23, w: 1}
  m_LocalPosition: {x: .0728673264, y: .203855082, z: .151977405}
  m_LocalScale: {x: 1, y: 1, z: 1}
  m_Children:
  - {fileID: 444608}
  m_Father: {fileID: 498938}
  m_RootOrder: 7
--- !u!4 &454800
Transform:
  m_ObjectHideFlags: 1
  m_PrefabParentObject: {fileID: 0}
  m_PrefabInternal: {fileID: 100100000}
  m_GameObject: {fileID: 103482}
  m_LocalRotation: {x: 0, y: 0, z: 0, w: 1}
  m_LocalPosition: {x: -0, y: .102110341, z: 0}
  m_LocalScale: {x: 1, y: 1, z: 1}
  m_Children: []
  m_Father: {fileID: 400730}
  m_RootOrder: 0
--- !u!4 &456602
Transform:
  m_ObjectHideFlags: 1
  m_PrefabParentObject: {fileID: 0}
  m_PrefabInternal: {fileID: 100100000}
  m_GameObject: {fileID: 150922}
  m_LocalRotation: {x: -.186031371, y: -.00301404973, z: .0200620424, w: .982334375}
  m_LocalPosition: {x: -7.4505806e-09, y: .106401481, z: -1.49011612e-08}
  m_LocalScale: {x: .99999994, y: .999999881, z: .999999881}
  m_Children:
  - {fileID: 480610}
  m_Father: {fileID: 416574}
  m_RootOrder: 0
--- !u!4 &458068
Transform:
  m_ObjectHideFlags: 1
  m_PrefabParentObject: {fileID: 0}
  m_PrefabInternal: {fileID: 100100000}
  m_GameObject: {fileID: 167524}
  m_LocalRotation: {x: 0, y: 0, z: 0, w: 1}
  m_LocalPosition: {x: -0, y: .0236451626, z: 0}
  m_LocalScale: {x: 1, y: 1, z: 1}
  m_Children: []
  m_Father: {fileID: 470992}
  m_RootOrder: 0
--- !u!4 &460074
Transform:
  m_ObjectHideFlags: 1
  m_PrefabParentObject: {fileID: 0}
  m_PrefabInternal: {fileID: 100100000}
  m_GameObject: {fileID: 159854}
  m_LocalRotation: {x: -.0190647114, y: -.00407512765, z: .0172605664, w: .999660969}
  m_LocalPosition: {x: -.102939591, y: .252883136, z: .0174217001}
  m_LocalScale: {x: 1.00000012, y: .999999821, z: 1.00000012}
  m_Children:
  - {fileID: 415726}
  m_Father: {fileID: 482480}
  m_RootOrder: 0
--- !u!4 &460356
Transform:
  m_ObjectHideFlags: 1
  m_PrefabParentObject: {fileID: 0}
  m_PrefabInternal: {fileID: 100100000}
  m_GameObject: {fileID: 175666}
  m_LocalRotation: {x: 0, y: 0, z: 0, w: 1}
  m_LocalPosition: {x: -0, y: .129163742, z: 0}
  m_LocalScale: {x: 1, y: 1, z: 1}
  m_Children: []
  m_Father: {fileID: 441980}
  m_RootOrder: 0
--- !u!4 &461614
Transform:
  m_ObjectHideFlags: 1
  m_PrefabParentObject: {fileID: 0}
  m_PrefabInternal: {fileID: 100100000}
  m_GameObject: {fileID: 125636}
  m_LocalRotation: {x: -.0191117078, y: -.00384855759, z: .0291249845, w: .999385655}
  m_LocalPosition: {x: -.0292289332, y: .25281769, z: .0174841601}
  m_LocalScale: {x: .999999821, y: 1.00000012, z: 1.00000012}
  m_Children:
  - {fileID: 449714}
  m_Father: {fileID: 482480}
  m_RootOrder: 1
--- !u!4 &461784
Transform:
  m_ObjectHideFlags: 1
  m_PrefabParentObject: {fileID: 0}
  m_PrefabInternal: {fileID: 100100000}
  m_GameObject: {fileID: 155028}
  m_LocalRotation: {x: 0, y: 0, z: 0, w: 1}
  m_LocalPosition: {x: -0, y: .125545651, z: 0}
  m_LocalScale: {x: 1, y: 1, z: 1}
  m_Children: []
  m_Father: {fileID: 401010}
  m_RootOrder: 0
--- !u!4 &463146
Transform:
  m_ObjectHideFlags: 1
  m_PrefabParentObject: {fileID: 0}
  m_PrefabInternal: {fileID: 100100000}
  m_GameObject: {fileID: 173086}
  m_LocalRotation: {x: 0, y: 0, z: 0, w: 1}
  m_LocalPosition: {x: -0, y: .119421221, z: 0}
  m_LocalScale: {x: 1, y: 1, z: 1}
  m_Children: []
  m_Father: {fileID: 408706}
  m_RootOrder: 0
--- !u!4 &463642
Transform:
  m_ObjectHideFlags: 1
  m_PrefabParentObject: {fileID: 0}
  m_PrefabInternal: {fileID: 100100000}
  m_GameObject: {fileID: 104736}
  m_LocalRotation: {x: 0, y: 0, z: 0, w: 1}
  m_LocalPosition: {x: -0, y: .0187368393, z: 0}
  m_LocalScale: {x: 1, y: 1, z: 1}
  m_Children: []
  m_Father: {fileID: 423420}
  m_RootOrder: 0
--- !u!4 &464050
Transform:
  m_ObjectHideFlags: 1
  m_PrefabParentObject: {fileID: 0}
  m_PrefabInternal: {fileID: 100100000}
  m_GameObject: {fileID: 181910}
  m_LocalRotation: {x: .0500458889, y: -.0653779581, z: -.8155303, w: .572827637}
  m_LocalPosition: {x: .0235688016, y: -.00302762096, z: .0145915123}
  m_LocalScale: {x: 1, y: 1, z: .999999881}
  m_Children:
  - {fileID: 439830}
  m_Father: {fileID: 432574}
  m_RootOrder: 0
--- !u!4 &464806
Transform:
  m_ObjectHideFlags: 1
  m_PrefabParentObject: {fileID: 0}
  m_PrefabInternal: {fileID: 100100000}
  m_GameObject: {fileID: 108742}
  m_LocalRotation: {x: -.212662637, y: -.000520739413, z: .0394066982, w: .976330638}
  m_LocalPosition: {x: 2.98023224e-08, y: .103515513, z: 2.23517418e-08}
  m_LocalScale: {x: .999999881, y: 1, z: 1}
  m_Children:
  - {fileID: 452266}
  m_Father: {fileID: 473024}
  m_RootOrder: 0
--- !u!4 &465270
Transform:
  m_ObjectHideFlags: 1
  m_PrefabParentObject: {fileID: 0}
  m_PrefabInternal: {fileID: 100100000}
  m_GameObject: {fileID: 162126}
  m_LocalRotation: {x: .707106709, y: 1.25607384e-15, z: 1.25607384e-15, w: .707106829}
  m_LocalPosition: {x: 0, y: 0, z: 0}
  m_LocalScale: {x: 1, y: .99999994, z: .99999994}
  m_Children:
  - {fileID: 438908}
  m_Father: {fileID: 487194}
  m_RootOrder: 2
--- !u!4 &465452
Transform:
  m_ObjectHideFlags: 1
  m_PrefabParentObject: {fileID: 0}
  m_PrefabInternal: {fileID: 100100000}
  m_GameObject: {fileID: 189266}
  m_LocalRotation: {x: 0, y: 0, z: 0, w: 1}
  m_LocalPosition: {x: -0, y: .109079488, z: 0}
  m_LocalScale: {x: 1, y: 1, z: 1}
  m_Children: []
  m_Father: {fileID: 485042}
  m_RootOrder: 0
--- !u!4 &468086
Transform:
  m_ObjectHideFlags: 1
  m_PrefabParentObject: {fileID: 0}
  m_PrefabInternal: {fileID: 100100000}
  m_GameObject: {fileID: 157566}
  m_LocalRotation: {x: -.0191117022, y: .00384855829, z: -.0291249827, w: .999385655}
  m_LocalPosition: {x: .0292289183, y: .25281778, z: .0174840856}
  m_LocalScale: {x: .99999994, y: 1.00000012, z: 1.00000012}
  m_Children:
  - {fileID: 450754}
  m_Father: {fileID: 433986}
  m_RootOrder: 1
--- !u!4 &468258
Transform:
  m_ObjectHideFlags: 1
  m_PrefabParentObject: {fileID: 0}
  m_PrefabInternal: {fileID: 100100000}
  m_GameObject: {fileID: 178322}
  m_LocalRotation: {x: 0, y: 0, z: 0, w: 1}
  m_LocalPosition: {x: -0, y: .153867766, z: 0}
  m_LocalScale: {x: 1, y: 1, z: 1}
  m_Children: []
  m_Father: {fileID: 479480}
  m_RootOrder: 0
--- !u!4 &470032
Transform:
  m_ObjectHideFlags: 1
  m_PrefabParentObject: {fileID: 0}
  m_PrefabInternal: {fileID: 100100000}
  m_GameObject: {fileID: 163276}
  m_LocalRotation: {x: 0, y: 0, z: 0, w: 1}
  m_LocalPosition: {x: -0, y: .0622704029, z: 0}
  m_LocalScale: {x: 1, y: 1, z: 1}
  m_Children: []
  m_Father: {fileID: 440368}
  m_RootOrder: 0
--- !u!4 &470992
Transform:
  m_ObjectHideFlags: 1
  m_PrefabParentObject: {fileID: 0}
  m_PrefabInternal: {fileID: 100100000}
  m_GameObject: {fileID: 154870}
  m_LocalRotation: {x: -1.82849658e-09, y: .233445466, z: 8.49405435e-10, w: .972369909}
  m_LocalPosition: {x: .0726087168, y: .164811194, z: .160874635}
  m_LocalScale: {x: 1, y: 1, z: 1}
  m_Children:
  - {fileID: 458068}
  m_Father: {fileID: 498938}
  m_RootOrder: 1
--- !u!4 &471698
Transform:
  m_ObjectHideFlags: 1
  m_PrefabParentObject: {fileID: 0}
  m_PrefabInternal: {fileID: 100100000}
  m_GameObject: {fileID: 132422}
  m_LocalRotation: {x: .754089296, y: 4.92853847e-09, z: -3.73579256e-09, w: .656771898}
  m_LocalPosition: {x: -2.35483354e-15, y: 2.32847697e-09, z: 1.17911767e-07}
  m_LocalScale: {x: 1, y: 1, z: 1}
  m_Children:
  - {fileID: 403944}
  m_Father: {fileID: 438908}
  m_RootOrder: 4
--- !u!4 &471904
Transform:
  m_ObjectHideFlags: 1
  m_PrefabParentObject: {fileID: 0}
  m_PrefabInternal: {fileID: 100100000}
  m_GameObject: {fileID: 176828}
  m_LocalRotation: {x: 8.47032947e-22, y: -1.1920929e-07, z: 3.53409686e-28, w: 1}
  m_LocalPosition: {x: -.0972203538, y: .0874286145, z: .13777335}
  m_LocalScale: {x: 1, y: 1, z: 1}
  m_Children:
  - {fileID: 444592}
  m_Father: {fileID: 498938}
  m_RootOrder: 12
--- !u!4 &473024
Transform:
  m_ObjectHideFlags: 1
  m_PrefabParentObject: {fileID: 0}
  m_PrefabInternal: {fileID: 100100000}
  m_GameObject: {fileID: 195988}
  m_LocalRotation: {x: -.0509305522, y: .693005443, z: -.19396998, w: .692477584}
  m_LocalPosition: {x: .152615994, y: .10934817, z: -.0465270914}
  m_LocalScale: {x: 1, y: .999999821, z: .999999821}
  m_Children:
  - {fileID: 464806}
  m_Father: {fileID: 433986}
  m_RootOrder: 4
--- !u!4 &473458
Transform:
  m_ObjectHideFlags: 1
  m_PrefabParentObject: {fileID: 0}
  m_PrefabInternal: {fileID: 100100000}
  m_GameObject: {fileID: 133640}
  m_LocalRotation: {x: 0, y: 0, z: 0, w: 1}
  m_LocalPosition: {x: -0, y: .129163742, z: 0}
  m_LocalScale: {x: 1, y: 1, z: 1}
  m_Children: []
  m_Father: {fileID: 485926}
  m_RootOrder: 0
--- !u!4 &473598
Transform:
  m_ObjectHideFlags: 1
  m_PrefabParentObject: {fileID: 0}
  m_PrefabInternal: {fileID: 100100000}
  m_GameObject: {fileID: 191346}
  m_LocalRotation: {x: .0583561696, y: .959797561, z: -.274324983, w: .0113578271}
  m_LocalPosition: {x: .114205398, y: .177044004, z: .00643033162}
  m_LocalScale: {x: 1.00000012, y: .999999762, z: .999999762}
  m_Children:
  - {fileID: 431324}
  m_Father: {fileID: 412396}
  m_RootOrder: 2
--- !u!4 &477600
Transform:
  m_ObjectHideFlags: 1
  m_PrefabParentObject: {fileID: 0}
  m_PrefabInternal: {fileID: 100100000}
  m_GameObject: {fileID: 175940}
  m_LocalRotation: {x: .471458346, y: -.00373340887, z: .0017858129, w: .881878614}
  m_LocalPosition: {x: 1.55414455e-08, y: .0295965448, z: .0552252159}
  m_LocalScale: {x: 1.00000012, y: 1.00000012, z: 1.00000012}
  m_Children:
  - {fileID: 484684}
  m_Father: {fileID: 412396}
  m_RootOrder: 0
--- !u!4 &479480
Transform:
  m_ObjectHideFlags: 1
  m_PrefabParentObject: {fileID: 0}
  m_PrefabInternal: {fileID: 100100000}
  m_GameObject: {fileID: 108438}
  m_LocalRotation: {x: .211235106, y: -.000420568831, z: .00194770307, w: .977433264}
  m_LocalPosition: {x: 7.2847719e-09, y: .129163742, z: -3.7252903e-09}
  m_LocalScale: {x: 1.00000012, y: .999999881, z: 1.00000012}
  m_Children:
  - {fileID: 468258}
  m_Father: {fileID: 405844}
  m_RootOrder: 0
--- !u!4 &480388
Transform:
  m_ObjectHideFlags: 1
  m_PrefabParentObject: {fileID: 0}
  m_PrefabInternal: {fileID: 100100000}
  m_GameObject: {fileID: 119664}
  m_LocalRotation: {x: .697285116, y: .117446102, z: .117446095, w: .697285056}
  m_LocalPosition: {x: -.199235588, y: -1.46784365, z: -.607370496}
  m_LocalScale: {x: .999999881, y: 1, z: 1}
  m_Children:
  - {fileID: 445598}
  m_Father: {fileID: 438908}
  m_RootOrder: 2
--- !u!4 &480610
Transform:
  m_ObjectHideFlags: 1
  m_PrefabParentObject: {fileID: 0}
  m_PrefabInternal: {fileID: 100100000}
  m_GameObject: {fileID: 158338}
  m_LocalRotation: {x: 0, y: 0, z: 0, w: 1}
  m_LocalPosition: {x: -0, y: .125545651, z: 0}
  m_LocalScale: {x: 1, y: 1, z: 1}
  m_Children: []
  m_Father: {fileID: 456602}
  m_RootOrder: 0
--- !u!4 &480772
Transform:
  m_ObjectHideFlags: 1
  m_PrefabParentObject: {fileID: 0}
  m_PrefabInternal: {fileID: 100100000}
  m_GameObject: {fileID: 114844}
  m_LocalRotation: {x: 0, y: 0, z: 0, w: 1}
  m_LocalPosition: {x: -6.0074811, y: .790836811, z: -102.849037}
  m_LocalScale: {x: 1, y: 1, z: 1}
  m_Children:
  - {fileID: 452050}
  m_Father: {fileID: 0}
  m_RootOrder: 0
--- !u!4 &481678
Transform:
  m_ObjectHideFlags: 1
  m_PrefabParentObject: {fileID: 0}
  m_PrefabInternal: {fileID: 100100000}
  m_GameObject: {fileID: 117934}
  m_LocalRotation: {x: -.0191687457, y: -.00355375302, z: .0445141271, w: .998818517}
  m_LocalPosition: {x: .0490089245, y: .256086528, z: .0178585611}
  m_LocalScale: {x: 1.00000012, y: .999999762, z: 1}
  m_Children:
  - {fileID: 401010}
  m_Father: {fileID: 482480}
  m_RootOrder: 2
--- !u!4 &482480
Transform:
  m_ObjectHideFlags: 1
  m_PrefabParentObject: {fileID: 0}
  m_PrefabInternal: {fileID: 100100000}
  m_GameObject: {fileID: 122012}
  m_LocalRotation: {x: -.0266921129, y: .000681902689, z: -.0520371236, w: .998288155}
  m_LocalPosition: {x: -1.67638063e-08, y: .425725579, z: -3.25962901e-08}
  m_LocalScale: {x: 1, y: 1, z: 1}
  m_Children:
  - {fileID: 460074}
  - {fileID: 461614}
  - {fileID: 481678}
  - {fileID: 497614}
  - {fileID: 451708}
  m_Father: {fileID: 485532}
  m_RootOrder: 0
--- !u!4 &483432
Transform:
  m_ObjectHideFlags: 1
  m_PrefabParentObject: {fileID: 0}
  m_PrefabInternal: {fileID: 100100000}
  m_GameObject: {fileID: 158368}
  m_LocalRotation: {x: -.00426339451, y: .965081036, z: -.260518074, w: -.0270327665}
  m_LocalPosition: {x: -.114205398, y: .177043959, z: .00643039308}
  m_LocalScale: {x: 1.00000012, y: .999999642, z: .99999994}
  m_Children:
  - {fileID: 494046}
  m_Father: {fileID: 412396}
  m_RootOrder: 1
--- !u!4 &484684
Transform:
  m_ObjectHideFlags: 1
  m_PrefabParentObject: {fileID: 0}
  m_PrefabInternal: {fileID: 100100000}
  m_GameObject: {fileID: 149990}
  m_LocalRotation: {x: 0, y: 0, z: 0, w: 1}
  m_LocalPosition: {x: -0, y: .360809952, z: 0}
  m_LocalScale: {x: 1, y: 1, z: 1}
  m_Children: []
  m_Father: {fileID: 477600}
  m_RootOrder: 0
--- !u!4 &485042
Transform:
  m_ObjectHideFlags: 1
  m_PrefabParentObject: {fileID: 0}
  m_PrefabInternal: {fileID: 100100000}
  m_GameObject: {fileID: 111626}
  m_LocalRotation: {x: -.212662637, y: .000520685455, z: -.0394066907, w: .976330638}
  m_LocalPosition: {x: 3.35276127e-08, y: .103515603, z: -1.49011612e-08}
  m_LocalScale: {x: .999999881, y: 1, z: 1.00000024}
  m_Children:
  - {fileID: 465452}
  m_Father: {fileID: 451708}
  m_RootOrder: 0
--- !u!4 &485532
Transform:
  m_ObjectHideFlags: 1
  m_PrefabParentObject: {fileID: 0}
  m_PrefabInternal: {fileID: 100100000}
  m_GameObject: {fileID: 119598}
  m_LocalRotation: {x: -.0180644374, y: .0738866776, z: .346578985, w: .934931815}
  m_LocalPosition: {x: 7.4505806e-09, y: .585052252, z: 1.52736902e-07}
  m_LocalScale: {x: .99999994, y: .999999702, z: .999999762}
  m_Children:
  - {fileID: 482480}
  m_Father: {fileID: 431212}
  m_RootOrder: 0
--- !u!4 &485926
Transform:
  m_ObjectHideFlags: 1
  m_PrefabParentObject: {fileID: 0}
  m_PrefabInternal: {fileID: 100100000}
  m_GameObject: {fileID: 112694}
  m_LocalRotation: {x: .0221933685, y: -.21006754, z: .972024918, w: -.10269703}
  m_LocalPosition: {x: .152583957, y: .0489560626, z: .0754444748}
  m_LocalScale: {x: 1.00000012, y: 1.00000012, z: 1.00000024}
  m_Children:
  - {fileID: 473458}
  m_Father: {fileID: 487194}
  m_RootOrder: 1
--- !u!4 &487026
Transform:
  m_ObjectHideFlags: 1
  m_PrefabParentObject: {fileID: 0}
  m_PrefabInternal: {fileID: 100100000}
  m_GameObject: {fileID: 131070}
  m_LocalRotation: {x: 0, y: 0, z: 0, w: 1}
  m_LocalPosition: {x: -0, y: .0235681199, z: 0}
  m_LocalScale: {x: 1, y: 1, z: 1}
  m_Children: []
  m_Father: {fileID: 449750}
  m_RootOrder: 0
--- !u!4 &487194
Transform:
  m_ObjectHideFlags: 1
  m_PrefabParentObject: {fileID: 0}
  m_PrefabInternal: {fileID: 100100000}
  m_GameObject: {fileID: 162666}
  m_LocalRotation: {x: -.707106829, y: 0, z: -0, w: .707106709}
  m_LocalPosition: {x: 0, y: 0, z: 0}
  m_LocalScale: {x: 1, y: 1, z: 1}
  m_Children:
  - {fileID: 441980}
  - {fileID: 485926}
  - {fileID: 465270}
  m_Father: {fileID: 452050}
  m_RootOrder: 1
--- !u!4 &492778
Transform:
  m_ObjectHideFlags: 1
  m_PrefabParentObject: {fileID: 0}
  m_PrefabInternal: {fileID: 100100000}
  m_GameObject: {fileID: 199248}
  m_LocalRotation: {x: 0, y: 0, z: 0, w: 1}
  m_LocalPosition: {x: -0, y: .0187368393, z: 0}
  m_LocalScale: {x: 1, y: 1, z: 1}
  m_Children: []
  m_Father: {fileID: 434280}
  m_RootOrder: 0
--- !u!4 &494046
Transform:
  m_ObjectHideFlags: 1
  m_PrefabParentObject: {fileID: 0}
  m_PrefabInternal: {fileID: 100100000}
  m_GameObject: {fileID: 176842}
  m_LocalRotation: {x: -.418170959, y: -.00367608434, z: .0125020947, w: .908274889}
  m_LocalPosition: {x: -4.23751771e-08, y: .478094339, z: 1.93249434e-08}
  m_LocalScale: {x: .99999994, y: 1, z: 1}
  m_Children:
  - {fileID: 405844}
  m_Father: {fileID: 483432}
  m_RootOrder: 0
--- !u!4 &497156
Transform:
  m_ObjectHideFlags: 1
  m_PrefabParentObject: {fileID: 0}
  m_PrefabInternal: {fileID: 100100000}
  m_GameObject: {fileID: 119100}
  m_LocalRotation: {x: -.0185290743, y: -.0751400962, z: -.346554488, w: .934831858}
  m_LocalPosition: {x: 2.23517418e-08, y: .585052371, z: -2.23517418e-08}
  m_LocalScale: {x: .999999821, y: .999999642, z: .999999881}
  m_Children:
  - {fileID: 433986}
  m_Father: {fileID: 410264}
  m_RootOrder: 0
--- !u!4 &497614
Transform:
  m_ObjectHideFlags: 1
  m_PrefabParentObject: {fileID: 0}
  m_PrefabInternal: {fileID: 100100000}
  m_GameObject: {fileID: 194368}
  m_LocalRotation: {x: -.0191137344, y: -.00383868627, z: .0296412986, w: .999370456}
  m_LocalPosition: {x: .114135914, y: .244167238, z: .0168186836}
  m_LocalScale: {x: .999999702, y: .999999881, z: 1}
  m_Children:
  - {fileID: 400730}
  m_Father: {fileID: 482480}
  m_RootOrder: 3
--- !u!4 &498752
Transform:
  m_ObjectHideFlags: 1
  m_PrefabParentObject: {fileID: 0}
  m_PrefabInternal: {fileID: 100100000}
  m_GameObject: {fileID: 188942}
  m_LocalRotation: {x: 0, y: 0, z: 0, w: 1}
  m_LocalPosition: {x: -0, y: .0236451626, z: 0}
  m_LocalScale: {x: 1, y: 1, z: 1}
  m_Children: []
  m_Father: {fileID: 422022}
  m_RootOrder: 0
--- !u!4 &498938
Transform:
  m_ObjectHideFlags: 1
  m_PrefabParentObject: {fileID: 0}
  m_PrefabInternal: {fileID: 100100000}
  m_GameObject: {fileID: 100718}
  m_LocalRotation: {x: -.251630902, y: -8.45400052e-08, z: -1.95965821e-08, w: .967823327}
  m_LocalPosition: {x: -8.8817842e-16, y: .215235293, z: -3.35276127e-08}
  m_LocalScale: {x: 1, y: .99999994, z: 1}
  m_Children:
  - {fileID: 422022}
  - {fileID: 470992}
  - {fileID: 432574}
  - {fileID: 415626}
  - {fileID: 423420}
  - {fileID: 434280}
  - {fileID: 416156}
  - {fileID: 453366}
  - {fileID: 440368}
  - {fileID: 438472}
  - {fileID: 420314}
  - {fileID: 437716}
  - {fileID: 471904}
  - {fileID: 441940}
  m_Father: {fileID: 445526}
  m_RootOrder: 0
--- !u!4 &499296
Transform:
  m_ObjectHideFlags: 1
  m_PrefabParentObject: {fileID: 0}
  m_PrefabInternal: {fileID: 100100000}
  m_GameObject: {fileID: 104124}
  m_LocalRotation: {x: 0, y: 0, z: 0, w: 1}
  m_LocalPosition: {x: -0, y: .119421221, z: 0}
  m_LocalScale: {x: 1, y: 1, z: 1}
  m_Children: []
  m_Father: {fileID: 415726}
  m_RootOrder: 0
--- !u!4 &499936
Transform:
  m_ObjectHideFlags: 1
  m_PrefabParentObject: {fileID: 0}
  m_PrefabInternal: {fileID: 100100000}
  m_GameObject: {fileID: 165028}
  m_LocalRotation: {x: -.0191137232, y: .00383866951, z: -.029641293, w: .999370456}
  m_LocalPosition: {x: -.114135914, y: .244167328, z: .0168185569}
  m_LocalScale: {x: .999999881, y: 1, z: 1.00000012}
  m_Children:
  - {fileID: 420696}
  m_Father: {fileID: 433986}
  m_RootOrder: 3
--- !u!82 &8215170
AudioSource:
  m_ObjectHideFlags: 1
  m_PrefabParentObject: {fileID: 0}
  m_PrefabInternal: {fileID: 100100000}
  m_GameObject: {fileID: 114844}
  m_Enabled: 1
  serializedVersion: 4
  OutputAudioMixerGroup: {fileID: 0}
  m_audioClip: {fileID: 0}
  m_PlayOnAwake: 1
  m_Volume: 1
  m_Pitch: 1
  Loop: 0
  Mute: 0
  Priority: 128
  DopplerLevel: 1
  MinDistance: 1
  MaxDistance: 500
  Pan2D: 0
  rolloffMode: 0
  BypassEffects: 0
  BypassListenerEffects: 0
  BypassReverbZones: 0
  rolloffCustomCurve:
    serializedVersion: 2
    m_Curve:
    - time: 0
      value: 1
      inSlope: 0
      outSlope: 0
      tangentMode: 0
    - time: 1
      value: 0
      inSlope: 0
      outSlope: 0
      tangentMode: 0
    m_PreInfinity: 2
    m_PostInfinity: 2
  panLevelCustomCurve:
    serializedVersion: 2
    m_Curve:
    - time: 0
      value: 0
      inSlope: 0
      outSlope: 0
      tangentMode: 0
    m_PreInfinity: 2
    m_PostInfinity: 2
  spreadCustomCurve:
    serializedVersion: 2
    m_Curve:
    - time: 0
      value: 0
      inSlope: 0
      outSlope: 0
      tangentMode: 0
    m_PreInfinity: 2
    m_PostInfinity: 2
  reverbZoneMixCustomCurve:
    serializedVersion: 2
    m_Curve:
    - time: 0
      value: 1
      inSlope: 0
      outSlope: 0
      tangentMode: 0
    m_PreInfinity: 2
    m_PostInfinity: 2
--- !u!95 &9586694
Animator:
  serializedVersion: 3
  m_ObjectHideFlags: 1
  m_PrefabParentObject: {fileID: 0}
  m_PrefabInternal: {fileID: 100100000}
  m_GameObject: {fileID: 116024}
  m_Enabled: 1
  m_Avatar: {fileID: 9000000, guid: a2b5554ca4921524eb80fc2d66c2eb8d, type: 3}
  m_Controller: {fileID: 0}
  m_CullingMode: 1
  m_UpdateMode: 0
  m_ApplyRootMotion: 0
  m_LinearVelocityBlending: 0
  m_WarningMessage: 
  m_HasTransformHierarchy: 1
  m_AllowConstantClipSamplingOptimization: 1
--- !u!137 &13762892
SkinnedMeshRenderer:
  m_ObjectHideFlags: 1
  m_PrefabParentObject: {fileID: 0}
  m_PrefabInternal: {fileID: 100100000}
  m_GameObject: {fileID: 177852}
  m_Enabled: 1
  m_CastShadows: 1
  m_ReceiveShadows: 1
  m_Materials:
  - {fileID: 2100000, guid: 7d1a39f7979cb584ab92549f5faba588, type: 2}
  - {fileID: 2100000, guid: b68a9532a20b609458593044979b6235, type: 2}
  - {fileID: 2100000, guid: 716960ee4e00ba5439924df9e1bb1801, type: 2}
  m_SubsetIndices: 
  m_StaticBatchRoot: {fileID: 0}
  m_UseLightProbes: 1
  m_ReflectionProbeUsage: 1
  m_ProbeAnchor: {fileID: 0}
  m_ScaleInLightmap: 1
  m_PreserveUVs: 0
  m_ImportantGI: 0
  m_AutoUVMaxDistance: .5
  m_AutoUVMaxAngle: 89
  m_LightmapParameters: {fileID: 0}
  m_SortingLayerID: 0
  m_SortingOrder: 0
  serializedVersion: 2
  m_Quality: 0
  m_UpdateWhenOffscreen: 0
  m_Mesh: {fileID: 4300000, guid: a2b5554ca4921524eb80fc2d66c2eb8d, type: 3}
  m_Bones:
  - {fileID: 465270}
  - {fileID: 438908}
  - {fileID: 471698}
  - {fileID: 403944}
  - {fileID: 445526}
  - {fileID: 498938}
  - {fileID: 437716}
  - {fileID: 420314}
  - {fileID: 422022}
  - {fileID: 470992}
  - {fileID: 432574}
  - {fileID: 464050}
  - {fileID: 415626}
  - {fileID: 449750}
  - {fileID: 416156}
  - {fileID: 453366}
  - {fileID: 423420}
  - {fileID: 434280}
  - {fileID: 471904}
  - {fileID: 441940}
  - {fileID: 440368}
  - {fileID: 438472}
  - {fileID: 400584}
  - {fileID: 431212}
  - {fileID: 485532}
  - {fileID: 482480}
  - {fileID: 460074}
  - {fileID: 415726}
  - {fileID: 461614}
  - {fileID: 449714}
  - {fileID: 481678}
  - {fileID: 401010}
  - {fileID: 497614}
  - {fileID: 400730}
  - {fileID: 451708}
  - {fileID: 485042}
  - {fileID: 426232}
  - {fileID: 410264}
  - {fileID: 497156}
  - {fileID: 433986}
  - {fileID: 429102}
  - {fileID: 408706}
  - {fileID: 468086}
  - {fileID: 450754}
  - {fileID: 416574}
  - {fileID: 456602}
  - {fileID: 499936}
  - {fileID: 420696}
  - {fileID: 473024}
  - {fileID: 464806}
  - {fileID: 428514}
  - {fileID: 412396}
  - {fileID: 483432}
  - {fileID: 494046}
  - {fileID: 405844}
  - {fileID: 479480}
  - {fileID: 473598}
  - {fileID: 431324}
  - {fileID: 408894}
  - {fileID: 449408}
  - {fileID: 477600}
  - {fileID: 480388}
  - {fileID: 411732}
  - {fileID: 441980}
  - {fileID: 485926}
  m_BlendShapeWeights: []
  m_RootBone: {fileID: 465270}
  m_AABB:
    m_Center: {x: -.00028938055, y: 1.10342693, z: -.0741734803}
    m_Extent: {x: .65792501, y: 1.19701862, z: .674113393}
  m_DirtyAABB: 0
--- !u!1001 &100100000
Prefab:
  m_ObjectHideFlags: 1
  serializedVersion: 2
  m_Modification:
    m_TransformParent: {fileID: 0}
    m_Modifications: []
    m_RemovedComponents: []
  m_ParentPrefab: {fileID: 0}
  m_RootGameObject: {fileID: 114844}
  m_IsPrefabParent: 1
