%YAML 1.1
%TAG !u! tag:unity3d.com,2011:
--- !u!29 &1
SceneSettings:
  m_ObjectHideFlags: 0
  m_PVSData: 
  m_PVSObjectsArray: []
  m_PVSPortalsArray: []
  m_OcclusionBakeSettings:
    smallestOccluder: 5
    smallestHole: 0.25
    backfaceThreshold: 100
--- !u!104 &2
RenderSettings:
  m_ObjectHideFlags: 0
  serializedVersion: 7
  m_Fog: 0
  m_FogColor: {r: 0.5, g: 0.5, b: 0.5, a: 1}
  m_FogMode: 3
  m_FogDensity: 0.01
  m_LinearFogStart: 0
  m_LinearFogEnd: 300
  m_AmbientSkyColor: {r: 0.212, g: 0.227, b: 0.259, a: 1}
  m_AmbientEquatorColor: {r: 0.114, g: 0.125, b: 0.133, a: 1}
  m_AmbientGroundColor: {r: 0.047, g: 0.043, b: 0.035, a: 1}
  m_AmbientIntensity: 1
  m_AmbientMode: 0
  m_SkyboxMaterial: {fileID: 10304, guid: 0000000000000000f000000000000000, type: 0}
  m_HaloStrength: 0.5
  m_FlareStrength: 1
  m_FlareFadeSpeed: 3
  m_HaloTexture: {fileID: 0}
  m_SpotCookie: {fileID: 10001, guid: 0000000000000000e000000000000000, type: 0}
  m_DefaultReflectionMode: 0
  m_DefaultReflectionResolution: 128
  m_ReflectionBounces: 1
  m_ReflectionIntensity: 1
  m_CustomReflection: {fileID: 0}
  m_Sun: {fileID: 0}
  m_IndirectSpecularColor: {r: 0.44711798, g: 0.4973933, b: 0.5761539, a: 1}
--- !u!157 &3
LightmapSettings:
  m_ObjectHideFlags: 0
  serializedVersion: 7
  m_GIWorkflowMode: 0
  m_GISettings:
    serializedVersion: 2
    m_BounceScale: 1
    m_IndirectOutputScale: 1
    m_AlbedoBoost: 1
    m_TemporalCoherenceThreshold: 1
    m_EnvironmentLightingMode: 0
    m_EnableBakedLightmaps: 0
    m_EnableRealtimeLightmaps: 0
  m_LightmapEditorSettings:
    serializedVersion: 4
    m_Resolution: 2
    m_BakeResolution: 40
    m_TextureWidth: 1024
    m_TextureHeight: 1024
    m_AO: 0
    m_AOMaxDistance: 1
    m_CompAOExponent: 0
    m_CompAOExponentDirect: 0
    m_Padding: 2
    m_LightmapParameters: {fileID: 0}
    m_LightmapsBakeMode: 1
    m_TextureCompression: 1
    m_DirectLightInLightProbes: 1
    m_FinalGather: 0
    m_FinalGatherFiltering: 1
    m_FinalGatherRayCount: 1024
    m_ReflectionCompression: 2
  m_LightingDataAsset: {fileID: 0}
  m_RuntimeCPUUsage: 25
--- !u!196 &4
NavMeshSettings:
  serializedVersion: 2
  m_ObjectHideFlags: 0
  m_BuildSettings:
    serializedVersion: 2
    agentRadius: 0.5
    agentHeight: 2
    agentSlope: 45
    agentClimb: 0.4
    ledgeDropHeight: 0
    maxJumpAcrossDistance: 0
    accuratePlacement: 0
    minRegionArea: 2
    cellSize: 0.16666667
    manualCellSize: 0
  m_NavMeshData: {fileID: 0}
--- !u!1 &59684208
GameObject:
  m_ObjectHideFlags: 0
  m_PrefabParentObject: {fileID: 0}
  m_PrefabInternal: {fileID: 0}
  serializedVersion: 4
  m_Component:
  - 4: {fileID: 59684210}
  - 108: {fileID: 59684209}
  m_Layer: 0
  m_Name: Directional Light
  m_TagString: Untagged
  m_Icon: {fileID: 0}
  m_NavMeshLayer: 0
  m_StaticEditorFlags: 0
  m_IsActive: 1
--- !u!108 &59684209
Light:
  m_ObjectHideFlags: 0
  m_PrefabParentObject: {fileID: 0}
  m_PrefabInternal: {fileID: 0}
  m_GameObject: {fileID: 59684208}
  m_Enabled: 1
  serializedVersion: 7
  m_Type: 1
  m_Color: {r: 1, g: 0.95686275, b: 0.8392157, a: 1}
  m_Intensity: 1
  m_Range: 10
  m_SpotAngle: 30
  m_CookieSize: 10
  m_Shadows:
    m_Type: 2
    m_Resolution: -1
    m_CustomResolution: -1
    m_Strength: 1
    m_Bias: 0.05
    m_NormalBias: 0.4
    m_NearPlane: 0.2
  m_Cookie: {fileID: 0}
  m_DrawHalo: 0
  m_Flare: {fileID: 0}
  m_RenderMode: 0
  m_CullingMask:
    serializedVersion: 2
    m_Bits: 4294967295
  m_Lightmapping: 4
  m_AreaSize: {x: 1, y: 1}
  m_BounceIntensity: 1
  m_ShadowRadius: 0
  m_ShadowAngle: 0
--- !u!4 &59684210
Transform:
  m_ObjectHideFlags: 0
  m_PrefabParentObject: {fileID: 0}
  m_PrefabInternal: {fileID: 0}
  m_GameObject: {fileID: 59684208}
  m_LocalRotation: {x: 0.40821794, y: -0.23456973, z: 0.109381676, w: 0.87542605}
  m_LocalPosition: {x: 0, y: 3, z: 0}
  m_LocalScale: {x: 1, y: 1, z: 1}
  m_LocalEulerAnglesHint: {x: 0, y: 0, z: 0}
  m_Children: []
  m_Father: {fileID: 0}
  m_RootOrder: 5
--- !u!1001 &301500616
Prefab:
  m_ObjectHideFlags: 0
  serializedVersion: 2
  m_Modification:
    m_TransformParent: {fileID: 0}
    m_Modifications:
    - target: {fileID: 400008, guid: a89b59f6ebe4f6940b5bfb4e47dc47b4, type: 3}
      propertyPath: m_LocalPosition.x
      value: 8
      objectReference: {fileID: 0}
    - target: {fileID: 400008, guid: a89b59f6ebe4f6940b5bfb4e47dc47b4, type: 3}
      propertyPath: m_LocalPosition.y
      value: -1
      objectReference: {fileID: 0}
    - target: {fileID: 400008, guid: a89b59f6ebe4f6940b5bfb4e47dc47b4, type: 3}
      propertyPath: m_LocalPosition.z
      value: 3.3
      objectReference: {fileID: 0}
    - target: {fileID: 400008, guid: a89b59f6ebe4f6940b5bfb4e47dc47b4, type: 3}
      propertyPath: m_LocalRotation.x
      value: 0
      objectReference: {fileID: 0}
    - target: {fileID: 400008, guid: a89b59f6ebe4f6940b5bfb4e47dc47b4, type: 3}
      propertyPath: m_LocalRotation.y
      value: 0
      objectReference: {fileID: 0}
    - target: {fileID: 400008, guid: a89b59f6ebe4f6940b5bfb4e47dc47b4, type: 3}
      propertyPath: m_LocalRotation.z
      value: 0
      objectReference: {fileID: 0}
    - target: {fileID: 400008, guid: a89b59f6ebe4f6940b5bfb4e47dc47b4, type: 3}
      propertyPath: m_LocalRotation.w
      value: 1
      objectReference: {fileID: 0}
    - target: {fileID: 400008, guid: a89b59f6ebe4f6940b5bfb4e47dc47b4, type: 3}
      propertyPath: m_RootOrder
      value: 3
      objectReference: {fileID: 0}
    - target: {fileID: 2300006, guid: a89b59f6ebe4f6940b5bfb4e47dc47b4, type: 3}
      propertyPath: m_Materials.Array.data[0]
      value: 
      objectReference: {fileID: 2100000, guid: 874e3a21a53a59043a152f825496790d, type: 2}
    - target: {fileID: 2300004, guid: a89b59f6ebe4f6940b5bfb4e47dc47b4, type: 3}
      propertyPath: m_Materials.Array.data[0]
      value: 
      objectReference: {fileID: 2100000, guid: 5685d399b2a5895459a55f79ee52c7b5, type: 2}
    - target: {fileID: 2300002, guid: a89b59f6ebe4f6940b5bfb4e47dc47b4, type: 3}
      propertyPath: m_Materials.Array.data[0]
      value: 
      objectReference: {fileID: 2100000, guid: 5685d399b2a5895459a55f79ee52c7b5, type: 2}
    - target: {fileID: 400004, guid: a89b59f6ebe4f6940b5bfb4e47dc47b4, type: 3}
      propertyPath: m_LocalPosition.x
      value: -79.1699982
      objectReference: {fileID: 0}
    - target: {fileID: 400004, guid: a89b59f6ebe4f6940b5bfb4e47dc47b4, type: 3}
      propertyPath: m_LocalPosition.y
      value: 6.51999998
      objectReference: {fileID: 0}
    - target: {fileID: 400004, guid: a89b59f6ebe4f6940b5bfb4e47dc47b4, type: 3}
      propertyPath: m_LocalPosition.z
      value: -19.3299999
      objectReference: {fileID: 0}
    - target: {fileID: 400004, guid: a89b59f6ebe4f6940b5bfb4e47dc47b4, type: 3}
      propertyPath: m_LocalScale.z
      value: 1645.74011
      objectReference: {fileID: 0}
    - target: {fileID: 400002, guid: a89b59f6ebe4f6940b5bfb4e47dc47b4, type: 3}
      propertyPath: m_LocalPosition.x
      value: -62.4099998
      objectReference: {fileID: 0}
    - target: {fileID: 400002, guid: a89b59f6ebe4f6940b5bfb4e47dc47b4, type: 3}
      propertyPath: m_LocalPosition.z
      value: -15.96
      objectReference: {fileID: 0}
    - target: {fileID: 400002, guid: a89b59f6ebe4f6940b5bfb4e47dc47b4, type: 3}
      propertyPath: m_LocalPosition.y
      value: .360000014
      objectReference: {fileID: 0}
    - target: {fileID: 400000, guid: a89b59f6ebe4f6940b5bfb4e47dc47b4, type: 3}
      propertyPath: m_LocalPosition.x
      value: -62.0299988
      objectReference: {fileID: 0}
    - target: {fileID: 400000, guid: a89b59f6ebe4f6940b5bfb4e47dc47b4, type: 3}
      propertyPath: m_LocalPosition.z
      value: .970000029
      objectReference: {fileID: 0}
    - target: {fileID: 2300006, guid: a89b59f6ebe4f6940b5bfb4e47dc47b4, type: 3}
      propertyPath: m_CastShadows
      value: 0
      objectReference: {fileID: 0}
    - target: {fileID: 2300006, guid: a89b59f6ebe4f6940b5bfb4e47dc47b4, type: 3}
      propertyPath: m_ReceiveShadows
      value: 0
      objectReference: {fileID: 0}
    - target: {fileID: 2300004, guid: a89b59f6ebe4f6940b5bfb4e47dc47b4, type: 3}
      propertyPath: m_ReceiveShadows
      value: 0
      objectReference: {fileID: 0}
    - target: {fileID: 2300004, guid: a89b59f6ebe4f6940b5bfb4e47dc47b4, type: 3}
      propertyPath: m_CastShadows
      value: 0
      objectReference: {fileID: 0}
    - target: {fileID: 2300002, guid: a89b59f6ebe4f6940b5bfb4e47dc47b4, type: 3}
      propertyPath: m_CastShadows
      value: 0
      objectReference: {fileID: 0}
    - target: {fileID: 2300002, guid: a89b59f6ebe4f6940b5bfb4e47dc47b4, type: 3}
      propertyPath: m_ReceiveShadows
      value: 0
      objectReference: {fileID: 0}
    - target: {fileID: 3300006, guid: a89b59f6ebe4f6940b5bfb4e47dc47b4, type: 3}
      propertyPath: m_Mesh
      value: 
      objectReference: {fileID: 4300000, guid: dc21c24050270e34dad623d015893f81, type: 3}
    - target: {fileID: 2300006, guid: a89b59f6ebe4f6940b5bfb4e47dc47b4, type: 3}
      propertyPath: m_Enabled
      value: 1
      objectReference: {fileID: 0}
    m_RemovedComponents: []
  m_ParentPrefab: {fileID: 100100000, guid: a89b59f6ebe4f6940b5bfb4e47dc47b4, type: 3}
  m_IsPrefabParent: 0
--- !u!1 &385127191
GameObject:
  m_ObjectHideFlags: 0
  m_PrefabParentObject: {fileID: 100002, guid: a89b59f6ebe4f6940b5bfb4e47dc47b4, type: 3}
  m_PrefabInternal: {fileID: 0}
  serializedVersion: 4
  m_Component:
  - 4: {fileID: 385127192}
  - 33: {fileID: 385127195}
  - 23: {fileID: 385127194}
  - 64: {fileID: 385127193}
  m_Layer: 0
  m_Name: Cube (1)
  m_TagString: Untagged
  m_Icon: {fileID: 0}
  m_NavMeshLayer: 0
  m_StaticEditorFlags: 0
  m_IsActive: 1
--- !u!4 &385127192
Transform:
  m_ObjectHideFlags: 0
  m_PrefabParentObject: {fileID: 400002, guid: a89b59f6ebe4f6940b5bfb4e47dc47b4, type: 3}
  m_PrefabInternal: {fileID: 0}
  m_GameObject: {fileID: 385127191}
  m_LocalRotation: {x: -0.7071068, y: 0, z: 0, w: 0.7071067}
  m_LocalPosition: {x: -60.25, y: -1.81, z: -15.42}
  m_LocalScale: {x: 100, y: 100, z: 391.59955}
  m_LocalEulerAnglesHint: {x: 0, y: 0, z: 0}
  m_Children: []
  m_Father: {fileID: 786578211}
  m_RootOrder: 4
--- !u!64 &385127193
MeshCollider:
  m_ObjectHideFlags: 0
  m_PrefabParentObject: {fileID: 0}
  m_PrefabInternal: {fileID: 0}
  m_GameObject: {fileID: 385127191}
  m_Material: {fileID: 0}
  m_IsTrigger: 0
  m_Enabled: 1
  serializedVersion: 2
  m_Convex: 0
  m_Mesh: {fileID: 4300002, guid: a89b59f6ebe4f6940b5bfb4e47dc47b4, type: 3}
--- !u!23 &385127194
MeshRenderer:
  m_ObjectHideFlags: 0
  m_PrefabParentObject: {fileID: 2300002, guid: a89b59f6ebe4f6940b5bfb4e47dc47b4,
    type: 3}
  m_PrefabInternal: {fileID: 0}
  m_GameObject: {fileID: 385127191}
  m_Enabled: 1
  m_CastShadows: 0
  m_ReceiveShadows: 0
  m_MotionVectors: 1
  m_LightProbeUsage: 1
  m_ReflectionProbeUsage: 1
  m_Materials:
  - {fileID: 2100000, guid: 5685d399b2a5895459a55f79ee52c7b5, type: 2}
  m_SubsetIndices: 
  m_StaticBatchRoot: {fileID: 0}
  m_ProbeAnchor: {fileID: 0}
  m_LightProbeVolumeOverride: {fileID: 0}
  m_ScaleInLightmap: 1
  m_PreserveUVs: 0
  m_IgnoreNormalsForChartDetection: 0
  m_ImportantGI: 0
  m_SelectedWireframeHidden: 0
  m_MinimumChartSize: 4
  m_AutoUVMaxDistance: 0.5
  m_AutoUVMaxAngle: 89
  m_LightmapParameters: {fileID: 0}
  m_SortingLayerID: 0
  m_SortingOrder: 0
--- !u!33 &385127195
MeshFilter:
  m_ObjectHideFlags: 0
  m_PrefabParentObject: {fileID: 3300002, guid: a89b59f6ebe4f6940b5bfb4e47dc47b4,
    type: 3}
  m_PrefabInternal: {fileID: 0}
  m_GameObject: {fileID: 385127191}
  m_Mesh: {fileID: 4300002, guid: a89b59f6ebe4f6940b5bfb4e47dc47b4, type: 3}
--- !u!1 &408243730
GameObject:
  m_ObjectHideFlags: 0
  m_PrefabParentObject: {fileID: 100002, guid: a89b59f6ebe4f6940b5bfb4e47dc47b4, type: 3}
  m_PrefabInternal: {fileID: 0}
  serializedVersion: 4
  m_Component:
  - 4: {fileID: 408243734}
  - 33: {fileID: 408243733}
  - 23: {fileID: 408243732}
  - 64: {fileID: 408243731}
  m_Layer: 0
  m_Name: Cube (2)
  m_TagString: Untagged
  m_Icon: {fileID: 0}
  m_NavMeshLayer: 0
  m_StaticEditorFlags: 0
  m_IsActive: 1
--- !u!64 &408243731
MeshCollider:
  m_ObjectHideFlags: 0
  m_PrefabParentObject: {fileID: 0}
  m_PrefabInternal: {fileID: 0}
  m_GameObject: {fileID: 408243730}
  m_Material: {fileID: 0}
  m_IsTrigger: 0
  m_Enabled: 1
  serializedVersion: 2
  m_Convex: 0
  m_Mesh: {fileID: 4300002, guid: a89b59f6ebe4f6940b5bfb4e47dc47b4, type: 3}
--- !u!23 &408243732
MeshRenderer:
  m_ObjectHideFlags: 0
  m_PrefabParentObject: {fileID: 2300002, guid: a89b59f6ebe4f6940b5bfb4e47dc47b4,
    type: 3}
  m_PrefabInternal: {fileID: 0}
  m_GameObject: {fileID: 408243730}
  m_Enabled: 1
  m_CastShadows: 0
  m_ReceiveShadows: 0
  m_MotionVectors: 1
  m_LightProbeUsage: 1
  m_ReflectionProbeUsage: 1
  m_Materials:
  - {fileID: 2100000, guid: 5685d399b2a5895459a55f79ee52c7b5, type: 2}
  m_SubsetIndices: 
  m_StaticBatchRoot: {fileID: 0}
  m_ProbeAnchor: {fileID: 0}
  m_LightProbeVolumeOverride: {fileID: 0}
  m_ScaleInLightmap: 1
  m_PreserveUVs: 0
  m_IgnoreNormalsForChartDetection: 0
  m_ImportantGI: 0
  m_SelectedWireframeHidden: 0
  m_MinimumChartSize: 4
  m_AutoUVMaxDistance: 0.5
  m_AutoUVMaxAngle: 89
  m_LightmapParameters: {fileID: 0}
  m_SortingLayerID: 0
  m_SortingOrder: 0
--- !u!33 &408243733
MeshFilter:
  m_ObjectHideFlags: 0
  m_PrefabParentObject: {fileID: 3300002, guid: a89b59f6ebe4f6940b5bfb4e47dc47b4,
    type: 3}
  m_PrefabInternal: {fileID: 0}
  m_GameObject: {fileID: 408243730}
  m_Mesh: {fileID: 4300002, guid: a89b59f6ebe4f6940b5bfb4e47dc47b4, type: 3}
--- !u!4 &408243734
Transform:
  m_ObjectHideFlags: 0
  m_PrefabParentObject: {fileID: 400002, guid: a89b59f6ebe4f6940b5bfb4e47dc47b4, type: 3}
  m_PrefabInternal: {fileID: 0}
  m_GameObject: {fileID: 408243730}
  m_LocalRotation: {x: -0.7071068, y: 0, z: 0, w: 0.7071067}
  m_LocalPosition: {x: -61.73, y: -3.41, z: -11.71}
  m_LocalScale: {x: 100, y: 100, z: 391.59952}
  m_LocalEulerAnglesHint: {x: 0, y: 0, z: 0}
  m_Children: []
  m_Father: {fileID: 786578211}
  m_RootOrder: 5
--- !u!1001 &675564000
Prefab:
  m_ObjectHideFlags: 0
  serializedVersion: 2
  m_Modification:
    m_TransformParent: {fileID: 0}
    m_Modifications:
    - target: {fileID: 470994, guid: 3e51b96212c40db48abb75a1b592a544, type: 2}
      propertyPath: m_LocalPosition.x
      value: -56.25537
      objectReference: {fileID: 0}
    - target: {fileID: 470994, guid: 3e51b96212c40db48abb75a1b592a544, type: 2}
      propertyPath: m_LocalPosition.y
      value: 19.107979
      objectReference: {fileID: 0}
    - target: {fileID: 470994, guid: 3e51b96212c40db48abb75a1b592a544, type: 2}
      propertyPath: m_LocalPosition.z
      value: 4.954331
      objectReference: {fileID: 0}
    - target: {fileID: 470994, guid: 3e51b96212c40db48abb75a1b592a544, type: 2}
      propertyPath: m_LocalRotation.x
      value: 0
      objectReference: {fileID: 0}
    - target: {fileID: 470994, guid: 3e51b96212c40db48abb75a1b592a544, type: 2}
      propertyPath: m_LocalRotation.y
      value: 0
      objectReference: {fileID: 0}
    - target: {fileID: 470994, guid: 3e51b96212c40db48abb75a1b592a544, type: 2}
      propertyPath: m_LocalRotation.z
      value: 0
      objectReference: {fileID: 0}
    - target: {fileID: 470994, guid: 3e51b96212c40db48abb75a1b592a544, type: 2}
      propertyPath: m_LocalRotation.w
      value: 1
      objectReference: {fileID: 0}
    - target: {fileID: 470994, guid: 3e51b96212c40db48abb75a1b592a544, type: 2}
      propertyPath: m_RootOrder
      value: 2
      objectReference: {fileID: 0}
    - target: {fileID: 11470994, guid: 3e51b96212c40db48abb75a1b592a544, type: 2}
      propertyPath: m_SceneManager
      value: 
      objectReference: {fileID: 0}
    - target: {fileID: 22467652, guid: 3e51b96212c40db48abb75a1b592a544, type: 2}
      propertyPath: m_SizeDelta.x
      value: 12
      objectReference: {fileID: 0}
    - target: {fileID: 11470994, guid: 3e51b96212c40db48abb75a1b592a544, type: 2}
      propertyPath: m_PlayerProgress.m_UnlockedPound
      value: 1
      objectReference: {fileID: 0}
    - target: {fileID: 11470994, guid: 3e51b96212c40db48abb75a1b592a544, type: 2}
      propertyPath: m_PlayerProgress.m_UnlockedGlide
      value: 1
      objectReference: {fileID: 0}
    - target: {fileID: 11470994, guid: 3e51b96212c40db48abb75a1b592a544, type: 2}
      propertyPath: m_PlayerProgress.m_UnlockedDash
      value: 1
      objectReference: {fileID: 0}
    - target: {fileID: 11470994, guid: 3e51b96212c40db48abb75a1b592a544, type: 2}
      propertyPath: m_PlayerProgress.m_UnlockedShoot
      value: 1
      objectReference: {fileID: 0}
    - target: {fileID: 11470994, guid: 3e51b96212c40db48abb75a1b592a544, type: 2}
      propertyPath: m_PlayerProgress.m_UnlockedDig
      value: 1
      objectReference: {fileID: 0}
    - target: {fileID: 11470994, guid: 3e51b96212c40db48abb75a1b592a544, type: 2}
      propertyPath: m_PlayerProgress.m_UnlockedTongue
      value: 1
      objectReference: {fileID: 0}
    - target: {fileID: 22428496, guid: 3e51b96212c40db48abb75a1b592a544, type: 2}
      propertyPath: m_AnchorMax.x
      value: 1
      objectReference: {fileID: 0}
    - target: {fileID: 22428496, guid: 3e51b96212c40db48abb75a1b592a544, type: 2}
      propertyPath: m_AnchorMax.y
      value: 1
      objectReference: {fileID: 0}
    - target: {fileID: 224000013393689808, guid: 3e51b96212c40db48abb75a1b592a544,
        type: 2}
      propertyPath: m_AnchorMax.x
      value: 1
      objectReference: {fileID: 0}
    - target: {fileID: 224000013393689808, guid: 3e51b96212c40db48abb75a1b592a544,
        type: 2}
      propertyPath: m_AnchorMax.y
      value: 1
      objectReference: {fileID: 0}
    - target: {fileID: 224000012932267716, guid: 3e51b96212c40db48abb75a1b592a544,
        type: 2}
      propertyPath: m_SizeDelta.x
      value: 12
      objectReference: {fileID: 0}
    - target: {fileID: 114000012157507430, guid: 3e51b96212c40db48abb75a1b592a544,
        type: 2}
      propertyPath: webglImportButton
      value: 
      objectReference: {fileID: 1649062280}
    m_RemovedComponents: []
  m_ParentPrefab: {fileID: 100100000, guid: 3e51b96212c40db48abb75a1b592a544, type: 2}
  m_IsPrefabParent: 0
--- !u!4 &786578211 stripped
Transform:
  m_PrefabParentObject: {fileID: 400008, guid: a89b59f6ebe4f6940b5bfb4e47dc47b4, type: 3}
  m_PrefabInternal: {fileID: 301500616}
--- !u!1 &827498217 stripped
GameObject:
  m_PrefabParentObject: {fileID: 100002, guid: a89b59f6ebe4f6940b5bfb4e47dc47b4, type: 3}
  m_PrefabInternal: {fileID: 301500616}
--- !u!64 &827498219
MeshCollider:
  m_ObjectHideFlags: 0
  m_PrefabParentObject: {fileID: 0}
  m_PrefabInternal: {fileID: 0}
  m_GameObject: {fileID: 827498217}
  m_Material: {fileID: 0}
  m_IsTrigger: 0
  m_Enabled: 1
  serializedVersion: 2
  m_Convex: 0
  m_Mesh: {fileID: 4300002, guid: a89b59f6ebe4f6940b5bfb4e47dc47b4, type: 3}
--- !u!1 &1061530705
GameObject:
  m_ObjectHideFlags: 0
  m_PrefabParentObject: {fileID: 0}
  m_PrefabInternal: {fileID: 0}
  serializedVersion: 4
  m_Component:
  - 4: {fileID: 1061530707}
  - 20: {fileID: 1061530706}
  m_Layer: 0
  m_Name: Template
  m_TagString: Untagged
  m_Icon: {fileID: 0}
  m_NavMeshLayer: 0
  m_StaticEditorFlags: 0
  m_IsActive: 1
--- !u!20 &1061530706
Camera:
  m_ObjectHideFlags: 0
  m_PrefabParentObject: {fileID: 0}
  m_PrefabInternal: {fileID: 0}
  m_GameObject: {fileID: 1061530705}
  m_Enabled: 0
  serializedVersion: 2
  m_ClearFlags: 1
  m_BackGroundColor: {r: 0.19215687, g: 0.3019608, b: 0.4745098, a: 0.019607844}
  m_NormalizedViewPortRect:
    serializedVersion: 2
    x: 0
    y: 0
    width: 1
    height: 1
  near clip plane: 0.3
  far clip plane: 1000
  field of view: 60
  orthographic: 0
  orthographic size: 5
  m_Depth: 0
  m_CullingMask:
    serializedVersion: 2
    m_Bits: 4294967295
  m_RenderingPath: -1
  m_TargetTexture: {fileID: 0}
  m_TargetDisplay: 0
  m_TargetEye: 3
  m_HDR: 0
  m_OcclusionCulling: 1
  m_StereoConvergence: 10
  m_StereoSeparation: 0.022
  m_StereoMirrorMode: 0
--- !u!4 &1061530707
Transform:
  m_ObjectHideFlags: 0
  m_PrefabParentObject: {fileID: 0}
  m_PrefabInternal: {fileID: 0}
  m_GameObject: {fileID: 1061530705}
  m_LocalRotation: {x: 0, y: 0, z: 0, w: 1}
  m_LocalPosition: {x: 12.37, y: 2.07, z: -0.12}
  m_LocalScale: {x: 1, y: 1, z: 1}
  m_LocalEulerAnglesHint: {x: 0, y: 0, z: 0}
  m_Children: []
  m_Father: {fileID: 1391605001}
  m_RootOrder: 0
--- !u!1 &1391604998
GameObject:
  m_ObjectHideFlags: 0
  m_PrefabParentObject: {fileID: 0}
  m_PrefabInternal: {fileID: 0}
  serializedVersion: 4
  m_Component:
  - 4: {fileID: 1391605001}
  - 65: {fileID: 1391605000}
  - 114: {fileID: 1391604999}
  m_Layer: 0
  m_Name: GameObject (1)
  m_TagString: Untagged
  m_Icon: {fileID: 0}
  m_NavMeshLayer: 0
  m_StaticEditorFlags: 0
  m_IsActive: 1
--- !u!114 &1391604999
MonoBehaviour:
  m_ObjectHideFlags: 0
  m_PrefabParentObject: {fileID: 0}
  m_PrefabInternal: {fileID: 0}
  m_GameObject: {fileID: 1391604998}
  m_Enabled: 1
  m_EditorHideFlags: 0
  m_Script: {fileID: 11500000, guid: e4de9c7d42cd67045a04e60fb271b7c3, type: 3}
  m_Name: 
  m_EditorClassIdentifier: 
  m_Mode: 2
  m_Template: {fileID: 1061530706}
  m_DisableTriggers: []
--- !u!65 &1391605000
BoxCollider:
  m_ObjectHideFlags: 0
  m_PrefabParentObject: {fileID: 0}
  m_PrefabInternal: {fileID: 0}
  m_GameObject: {fileID: 1391604998}
  m_Material: {fileID: 0}
  m_IsTrigger: 1
  m_Enabled: 1
  serializedVersion: 2
  m_Size: {x: 14.456633, y: 4.2856436, z: 4.699823}
  m_Center: {x: 0.108716965, y: 0.36238718, z: -0.02730751}
--- !u!4 &1391605001
Transform:
  m_ObjectHideFlags: 0
  m_PrefabParentObject: {fileID: 0}
  m_PrefabInternal: {fileID: 0}
  m_GameObject: {fileID: 1391604998}
  m_LocalRotation: {x: 0, y: 0, z: 0, w: 1}
  m_LocalPosition: {x: -12.95, y: 0.5, z: 3.43}
  m_LocalScale: {x: 1, y: 1, z: 1}
  m_LocalEulerAnglesHint: {x: 0, y: 0, z: 0}
  m_Children:
  - {fileID: 1061530707}
  m_Father: {fileID: 0}
  m_RootOrder: 6
--- !u!1 &1504582340 stripped
GameObject:
  m_PrefabParentObject: {fileID: 100004, guid: a89b59f6ebe4f6940b5bfb4e47dc47b4, type: 3}
  m_PrefabInternal: {fileID: 301500616}
--- !u!64 &1504582342
MeshCollider:
  m_ObjectHideFlags: 0
  m_PrefabParentObject: {fileID: 0}
  m_PrefabInternal: {fileID: 0}
  m_GameObject: {fileID: 1504582340}
  m_Material: {fileID: 0}
  m_IsTrigger: 0
  m_Enabled: 1
  serializedVersion: 2
  m_Convex: 0
  m_Mesh: {fileID: 4300000, guid: a89b59f6ebe4f6940b5bfb4e47dc47b4, type: 3}
--- !u!1001 &1635588348
Prefab:
  m_ObjectHideFlags: 0
  serializedVersion: 2
  m_Modification:
    m_TransformParent: {fileID: 0}
    m_Modifications:
    - target: {fileID: 460594, guid: cce3ecf963e631545a0ed8912b06c774, type: 2}
      propertyPath: m_LocalPosition.x
      value: 0
      objectReference: {fileID: 0}
    - target: {fileID: 460594, guid: cce3ecf963e631545a0ed8912b06c774, type: 2}
      propertyPath: m_LocalPosition.y
      value: 0
      objectReference: {fileID: 0}
    - target: {fileID: 460594, guid: cce3ecf963e631545a0ed8912b06c774, type: 2}
      propertyPath: m_LocalPosition.z
      value: 0
      objectReference: {fileID: 0}
    - target: {fileID: 460594, guid: cce3ecf963e631545a0ed8912b06c774, type: 2}
      propertyPath: m_LocalRotation.x
      value: 0
      objectReference: {fileID: 0}
    - target: {fileID: 460594, guid: cce3ecf963e631545a0ed8912b06c774, type: 2}
      propertyPath: m_LocalRotation.y
      value: 0
      objectReference: {fileID: 0}
    - target: {fileID: 460594, guid: cce3ecf963e631545a0ed8912b06c774, type: 2}
      propertyPath: m_LocalRotation.z
      value: 0
      objectReference: {fileID: 0}
    - target: {fileID: 460594, guid: cce3ecf963e631545a0ed8912b06c774, type: 2}
      propertyPath: m_LocalRotation.w
      value: 1
      objectReference: {fileID: 0}
    - target: {fileID: 460594, guid: cce3ecf963e631545a0ed8912b06c774, type: 2}
      propertyPath: m_RootOrder
      value: 0
      objectReference: {fileID: 0}
    m_RemovedComponents: []
  m_ParentPrefab: {fileID: 100100000, guid: cce3ecf963e631545a0ed8912b06c774, type: 2}
  m_IsPrefabParent: 0
--- !u!114 &1649062280 stripped
MonoBehaviour:
  m_PrefabParentObject: {fileID: 114000010857112810, guid: 3e51b96212c40db48abb75a1b592a544,
    type: 2}
  m_PrefabInternal: {fileID: 675564000}
  m_Script: {fileID: 11500000, guid: 5499df008d4ed884d941aefc0c71abc9, type: 3}
--- !u!1001 &1870396233
Prefab:
  m_ObjectHideFlags: 0
  serializedVersion: 2
  m_Modification:
    m_TransformParent: {fileID: 0}
    m_Modifications:
    - target: {fileID: 426750, guid: 79468315770da5447b0f4d95c4b8ba67, type: 2}
      propertyPath: m_LocalPosition.x
      value: -47.97
      objectReference: {fileID: 0}
    - target: {fileID: 426750, guid: 79468315770da5447b0f4d95c4b8ba67, type: 2}
      propertyPath: m_LocalPosition.y
      value: 0
      objectReference: {fileID: 0}
    - target: {fileID: 426750, guid: 79468315770da5447b0f4d95c4b8ba67, type: 2}
      propertyPath: m_LocalPosition.z
      value: -4.15
      objectReference: {fileID: 0}
    - target: {fileID: 426750, guid: 79468315770da5447b0f4d95c4b8ba67, type: 2}
      propertyPath: m_LocalRotation.x
      value: 0
      objectReference: {fileID: 0}
    - target: {fileID: 426750, guid: 79468315770da5447b0f4d95c4b8ba67, type: 2}
      propertyPath: m_LocalRotation.y
      value: 0
      objectReference: {fileID: 0}
    - target: {fileID: 426750, guid: 79468315770da5447b0f4d95c4b8ba67, type: 2}
      propertyPath: m_LocalRotation.z
      value: 0
      objectReference: {fileID: 0}
    - target: {fileID: 426750, guid: 79468315770da5447b0f4d95c4b8ba67, type: 2}
      propertyPath: m_LocalRotation.w
      value: 1
      objectReference: {fileID: 0}
    - target: {fileID: 426750, guid: 79468315770da5447b0f4d95c4b8ba67, type: 2}
      propertyPath: m_RootOrder
      value: 4
      objectReference: {fileID: 0}
    m_RemovedComponents: []
  m_ParentPrefab: {fileID: 100100000, guid: 79468315770da5447b0f4d95c4b8ba67, type: 2}
  m_IsPrefabParent: 0
--- !u!1001 &2042173396
Prefab:
  m_ObjectHideFlags: 0
  serializedVersion: 2
  m_Modification:
    m_TransformParent: {fileID: 0}
    m_Modifications:
    - target: {fileID: 488078, guid: a1bf9e67d26d2094bbef3c24d9424027, type: 2}
      propertyPath: m_LocalPosition.x
      value: 0
      objectReference: {fileID: 0}
    - target: {fileID: 488078, guid: a1bf9e67d26d2094bbef3c24d9424027, type: 2}
      propertyPath: m_LocalPosition.y
      value: 0
      objectReference: {fileID: 0}
    - target: {fileID: 488078, guid: a1bf9e67d26d2094bbef3c24d9424027, type: 2}
      propertyPath: m_LocalPosition.z
      value: 0
      objectReference: {fileID: 0}
    - target: {fileID: 488078, guid: a1bf9e67d26d2094bbef3c24d9424027, type: 2}
      propertyPath: m_LocalRotation.x
      value: 0
      objectReference: {fileID: 0}
    - target: {fileID: 488078, guid: a1bf9e67d26d2094bbef3c24d9424027, type: 2}
      propertyPath: m_LocalRotation.y
      value: 0
      objectReference: {fileID: 0}
    - target: {fileID: 488078, guid: a1bf9e67d26d2094bbef3c24d9424027, type: 2}
      propertyPath: m_LocalRotation.z
      value: 0
      objectReference: {fileID: 0}
    - target: {fileID: 488078, guid: a1bf9e67d26d2094bbef3c24d9424027, type: 2}
      propertyPath: m_LocalRotation.w
      value: 1
      objectReference: {fileID: 0}
    - target: {fileID: 488078, guid: a1bf9e67d26d2094bbef3c24d9424027, type: 2}
      propertyPath: m_RootOrder
      value: 1
      objectReference: {fileID: 0}
    m_RemovedComponents: []
  m_ParentPrefab: {fileID: 100100000, guid: a1bf9e67d26d2094bbef3c24d9424027, type: 2}
  m_IsPrefabParent: 0
--- !u!1 &2083418830 stripped
GameObject:
  m_PrefabParentObject: {fileID: 100006, guid: a89b59f6ebe4f6940b5bfb4e47dc47b4, type: 3}
  m_PrefabInternal: {fileID: 301500616}
--- !u!64 &2083418831
MeshCollider:
  m_ObjectHideFlags: 0
  m_PrefabParentObject: {fileID: 0}
  m_PrefabInternal: {fileID: 0}
  m_GameObject: {fileID: 2083418830}
  m_Material: {fileID: 0}
  m_IsTrigger: 0
  m_Enabled: 1
  serializedVersion: 2
  m_Convex: 0
  m_Mesh: {fileID: 4300000, guid: dc21c24050270e34dad623d015893f81, type: 3}
